2819 4297
446 266 569 331 150
1028 223 1032 228 ’
1164 253 1293 315 The
1345 254 1562 316 Gallie
1611 255 1779 318 War.
2291 268 2525 335 [cmx

433 507 538 550 The
563 507 717 550 Gauls
741 508 982 551 Abnndon
1023 509 1111 551 the
1142 509 1287 562 siege
1321 511 1418 552 and
1456 511 1627 552 March
1669 511 1868 563 against
1900 511 2084 561 Cesar,
2113 510 2250 553 who
2275 512 2467 555 Avoids
2492 523 2525 554 ι

1352 577 1581 619 Conflict.

515 719 610 770 49.
669 711 835 772 Galli
878 719 942 771 ro
986 713 1235 791 cognita
1279 733 1389 791 per
1433 714 1849 790 exploratores
1899 714 2290 775 obsidionem
2344 714 2522 774 relin-

433 808 698 889 quunt3¹
755 811 837 870 ad
894 814 1223 872 Caesarem
1279 814 1570 872 omnibus
1626 814 1823 890 copiis
1875 815 2302 886 contendunt3
2365 814 2520 874 haec

433 920 607 970 erant
637 920 869 971 armata
893 911 1132 971 circiter
1159 912 1327 971 milia
1350 930 1452 972 Lx.
1543 912 1763 974 Cicero
1786 915 1932 973 data
1954 913 2250 973 facultate
2272 914 2519 974 Gallum

434 1011 513 1070 ab
544 1010 762 1071 eodem
785 1011 1116 1071 Verticone
1146 1031 1330 1088 quem
1361 1020 1550 1089 supra
1580 1012 2135 1072 domonstravimus
2159 1013 2383 1091 repetit
2413 1024 2519 1091 qui

366 1125 396 1181 5
433 1110 670 1171 litteras
722 1112 803 1172 ad
855 1113 1186 1172 Caesarem
1244 1108 1563 1187 deferat?
1622 1114 1789 1172 hunc
1836 1114 2129 1173 admonet
2174 1113 2289 1173 iter
2338 1120 2521 1174 cauto

433 1210 878 1289 diligenterque
921 1211 1149 1286 faciat3
1194 1213 1523 1290 perscribit
1566 1211 1629 1270 in
1674 1211 1891 1272 litteris
1936 1214 2133 1272 hostis
2178 1214 2257 1272 ab
2301 1219 2368 1271 so
2399 1212 2520 1273 dis·

433 1312 697 1371 cessisse
767 1330 1137 1389 omnemque
1210 1313 1292 1372 ad
1376 1331 1519 1371 eum
1590 1312 2044 1371 multitudinem
2116 1313 2516 1373 convertisse.

434 1410 677 1485 Quibus
709 1411 924 1471 litteris
950 1411 1194 1471 circiter
1223 1412 1426 1471 media
1455 1421 1636 1471 nocte
1662 1414 1893 1472 Caesar
1923 1412 2146 1472 adlatis
2190 1419 2337 1471 suos
2366 1411 2522 1472 facit

432 1511 723 1570 certiores
748 1518 980 1586 eosque
1012 1511 1093 1569 ad
1122 1510 1542 1571 dimicandum
1573 1511 1779 1571 animo
1808 1509 2177 1572 confirmat.⁸
2261 1514 2520 1572 Postero

341 1626 400 1663 ιο
434 1609 534 1669 dio
564 1610 699 1668 luce
743 1618 939 1687 prima
982 1620 1188 1669 movet
1232 1619 1455 1683 castra,
1486 1620 1548 1670 et
1590 1610 1832 1671 circiter
1862 1611 2030 1669 milia
2071 1630 2366 1688 passuum
2412 1629 2516 1672 1111

432 1716 796 1786 progressus
827 1718 994 1768 trans
1023 1709 1247 1769 vallem
1277 1720 1339 1769 et
1368 1719 1563 1770 rivum
1592 1711 2045 1770 multitudinem
2076 1710 2346 1770 hostium
2376 1718 2516 1771 con-

435 1808 719 1886 spicatur.
811 1811 957 1868 Erat
1001 1818 1212 1887 magni
1255 1811 1513 1886 periculi
1554 1818 1650 1870 ros
1691 1808 1983 1870 tantulis⁴
2025 1810 2221 1886 copiis
2264 1808 2522 1888 iniquo⁵

435 1908 573 1969 loco
616 1909 942 1983 dimicare3
986 1917 1135 1982 tum,
1185 1910 1479 1986 quoniam
1522 1910 1847 1969 obsidione
1906 1910 2231 1969 liberatum
2276 1911 2521 1971 Cicero-

434 2027 574 2068 nem
618 2008 871 2080 sciebat,
914 2017 1115 2087 aequo
1159 2010 1365 2069 animo
1409 2010 1842 2070 remittendum
1887 2011 1966 2070 do
2008 2009 2321 2070 celeritate
2365 2019 2521 2070 exis-

339 2121 398 2177 15
434 2108 710 2170 timabat.
801 2110 1086 2170 Considit
1129 2119 1191 2170 et
1235 2129 1422 2189 quam
1467 2110 1841 2188 aequissimo
1884 2119 2090 2188 potest
2133 2110 2269 2170 loco
2312 2093 2521 2170 castra

436 2210 786 2269 communit.
876 2213 1082 2286 Atque
1112 2211 1285 2282 haee,
1318 2219 1438 2270 etsi
1468 2220 1642 2270 erant
1672 2208 1931 2288 exigua⁶
1959 2230 2068 2287 per
2097 2216 2181 2283 so,
2206 2210 2309 2270 vix
2330 2211 2522 2270 horni-

435 2328 581 2368 num
610 2310 842 2369 milium
872 2328 982 2381 vn,
1018 2311 1377 2395 praesertim
1422 2311 1602 2370 nullis
1633 2329 1770 2369 cum
1803 2311 2276 2388 impedimentiS,
2311 2320 2518 2369 tamen

435 2410 734 2486 angustiis
766 2410 998 2469 viarum
1034 2428 1217 2485 quarn
1249 2411 1510 2469 maximo
1555 2420 1762 2487 potest
1791 2410 2116 2483 contrahit,
2149 2418 2225 2470 eo
2255 2409 2521 2469 consilio

434 2518 502 2568 ut
546 2509 609 2567 in
670 2528 970 2569 summam
1030 2509 1556 2586 contemptionem
1606 2510 1889 2569 hostibus
1946 2510 2170 2570 veniat.
2259 2509 2519 2568 Interim

339 2627 401 2663 ιο
436 2606 958 2685 speculatoribus⁷
989 2607 1052 2666 in
1093 2617 1292 2667 omnis
1336 2618 1528 2685 partis
1569 2608 1839 2669 dimissis
1869 2606 2180 2686 explorat⁸
2208 2615 2330 2686 quo
2360 2626 2522 2667 com·

436 2708 789 2768 modissime
819 2708 1038 2768 itinere
1069 2708 1292 2768 vallem
1323 2716 1580 2768 transire
1610 2710 1823 2786 possit.

562 2889 743 2939 Caesar,
765 2889 1005 2942 Feigning
1032 2890 1171 2939 Fenr,
1201 2889 1379 2931 Draws
1405 2890 1490 2932 the
1520 2891 1710 2941 enemy
1736 2902 1799 2932 on
1826 2895 1879 2932 to
1905 2891 1985 2932 his
2013 2890 2140 2932 Own
2167 2890 2380 2933 Ground.

518 3015 611 3064 50.
677 3009 765 3067 Eo
794 3007 894 3067 die
925 3008 1197 3085 parvulis
1250 3008 1640 3084 equestribus
1675 3009 1923 3085 proeliis
1972 3010 2051 3068 ad
2083 3027 2305 3084 aquarn
2335 3008 2520 3068 factis

434 3117 676 3182 utrique
722 3114 858 3166 sose
918 3115 1032 3167 suo
1078 3109 1216 3168 loco
1260 3108 1624 3167 continent:
1698 3108 1878 3179 Galli,
1941 3107 2109 3184 quod
2154 3105 2522 3185 amplioros⁹

433 3206 649 3284 copias
689 3225 848 3283 quae
886 3208 1163 3266 nondum
1199 3214 1619 3266 convenerant
1658 3209 2136 3283 exspectabant3
2185 3209 2432 3277 Caesar,
2468 3214 2523 3265 si

337 3323 398 3376 25
432 3309 594 3367 forte
617 3306 851 3367 timoris
876 3306 1268 3367 simulatione
1292 3307 1491 3365 hostis
1516 3306 1578 3364 in
1611 3325 1787 3365 suum
1814 3306 2014 3366 locum
2040 3306 2259 3366 elicere
2289 3314 2523 3383 posset,

433 3416 501 3467 ut
571 3406 723 3466 citra
790 3407 1010 3466 vallem
1082 3414 1195 3483 pro
1267 3414 1484 3466 castris
1542 3407 1776 3483 proelio
1834 3407 2272 3478 contenderet3
2348 3413 2401 3463 si
2458 3405 2523 3464 id

433 3506 672 3568 efficere
731 3514 854 3567 non
914 3516 1146 3584 posset,
1209 3515 1275 3565 ut
1334 3505 1666 3583 exploratis
1720 3505 2040 3565 itineribus
2094 3506 2327 3565 minore
2379 3523 2518 3565 cum

518 3673 600 3724 Cf.
624 3672 645 3707 ¹
669 3674 962 3739 dosistunt‚
999 3689 1059 3722 w.
1096 3672 1197 3721 abl.
1213 3670 1314 3709 —2
1336 3670 1550 3726 referat.
1566 3669 1671 3709 -8
1695 3673 1913 3724 excitat.
1932 3672 2034 3709 —4
2051 3673 2171 3725 tam
2206 3671 2440 3736 exiguis.
2458 3699 2524 3710 --

429 3755 453 3791 ⁶
475 3756 670 3809 alieno.
690 3756 794 3794 —0
819 3768 1005 3821 parva.
1028 3753 1129 3791 —7
1155 3755 1603 3820 exploratoribus.
1618 3782 1684 3790 —
1699 3754 1720 3787 ⁸
1744 3756 2035 3819 cognoscit.
2051 3754 2153 3792 —9
2176 3755 2426 3807 miioros.
