2819 4297
232 327 292 375 B.
319 326 384 375 G.
412 325 539 373 VII.
566 324 638 389 3.]
692 312 1013 396 Uprising
1037 313 1119 394 of
1144 311 1328 375 Gaul
1354 312 1569 375 under
1605 311 2101 396 Vercingetorix.
2209 315 2332 393 187

231 506 477 566 initium
510 505 747 565 faciant
774 515 836 564 et
867 513 965 564 sui
994 501 1253 582 capitis¹
1285 506 1559 582 pericule
1602 504 1868 564 Galliam
1899 505 1960 563 in
1987 505 2332 565 libertatem

230 607 571 667 vindicent.
685 608 760 664 In
820 614 1033 683 primis
1091 605 1393 665 ratienem
1415 602 1437 635 ²
1491 624 1630 665 esse
1689 605 2040 664 habendam
2100 606 2332 679 dicunt,

230 708 598 785 priusquam
630 714 841 767 eerum
882 706 1271 765 clandestina
1315 705 1579 765 censilia
1621 707 1971 779 efferantur,
2007 716 2074 765 ut
2106 708 2335 765 Caesar

233 809 315 867 ab
336 808 610 866 exercitu
630 806 1087 866 intercliidetur.
1149 806 1224 865 Id
1249 825 1386 865 esse
1411 806 1611 878 facile,
1639 806 1806 882 quod
1832 826 2033 883 neque
2059 806 2335 883 legienes

235 909 512 968 audeant
544 908 801 967 absente
843 907 1211 985 imperetere
1243 926 1319 966 ex
1350 908 1627 967 hibernis
1659 908 1884 984 egredi,
1920 926 2120 983 neque
2152 907 2337 984 impe-

234 1018 406 1068 rator
436 1008 570 1067 sine
601 1008 915 1086 praesidie
940 1008 1020 1066 ad
1058 1006 1333 1086 legienes
1357 1016 1678 1083 pervenire
1711 1007 1932 1083 possit;
1978 1005 2336 1083 postrem6‚⁸

233 1109 302 1167 in
334 1109 467 1167 acie
512 1105 866 1186 praestare⁴
904 1108 1164 1168 interfici
1198 1127 1383 1185 quam
1417 1112 1541 1166 nen
1573 1116 1840 1167 veterem
1886 1108 2033 1165 belli
2075 1107 2331 1184 gleriam

234 1210 710 1285 libertatemque
744 1228 926 1285 quam
958 1217 995 1268 zi
1026 1208 1364 1268 maioribus
1395 1206 1747 1285 acceperint
1779 1216 2155 1284 recuperzire.

420 1392 525 1432 The
552 1391 798 1433 Carnutes
827 1392 984 1443 Begin
1010 1391 1098 1432 the
1124 1391 1320 1432 Revolt.
1376 1390 1536 1442 Rapid
1563 1390 1748 1441 spread
1778 1390 1829 1430 or
1856 1390 1941 1431 the
1969 1390 2138 1431 News.

325 1520 378 1569 2.
432 1513 553 1570 His
601 1512 784 1570 rebus
839 1507 1133 1588 agitatis⁶
1190 1510 1551 1587 profitentur
1610 1512 1918 1569 Carnutes
1977 1517 2043 1569 se
2098 1510 2329 1570 nullum

237 1614 584 1690 periculum
631 1612 977 1671 communis
1026 1610 1242 1671 salutis
1290 1619 1480 1669 cause,
1524 1619 1823 1685 recfisere,
1857 1608 2335 1689 principesque⁰

239 1734 317 1773 ex
376 1713 666 1772 omnibus
722 1713 954 1771 bellum
1005 1713 1276 1771 factures
1336 1711 1736 1788 pollicentur;
1785 1720 1862 1784 et,
1920 1713 2210 1788 quoniam
2270 1713 2332 1771 in

240 1813 596 1891 praesentia
645 1812 971 1873 obsidibus
1022 1819 1239 1873 cavere
1291 1812 1453 1871 inter
1505 1819 1571 1871 se
1622 1820 1749 1872 nen
1791 1814 2050 1889 possint,
2100 1820 2177 1871 ne
2236 1821 2333 1873 res

242 1914 548 1987 efferatur,
585 1923 651 1972 ut
683 1913 808 1972 iure
846 1913 1107 1973 iurando
1137 1933 1210 1972 ac
1239 1913 1363 1972 fide
1409 1911 1760 1973 sancietur⁷
1801 1923 2037 1989 petunt,
2072 1913 2334 1974 conlatis

243 2014 609 2074 militaribus
652 2023 846 2091 signis
894 2014 1047 2094 (que
1091 2021 1259 2073 mere
1304 2020 1515 2072 eerum
1559 2013 1921 2092 gravissima
1962 2014 2334 2074 caerimenia

243 2115 645 2197 continetur),
680 2122 759 2174 ne
782 2115 949 2175 facte
980 2114 1158 2175 initio
1182 2115 1328 2175 belli
1349 2116 1428 2175 ab
1453 2115 1704 2193 reliquis
1735 2116 2112 2176 deserantur.
2174 2117 2330 2175 Tum

240 2216 632 2277 conlaudatis
675 2217 1071 2288 CarnutibuS‚
1109 2217 1256 2276 date
1302 2216 1429 2276 iure
1476 2217 1733 2277 iurande
1778 2217 1855 2276 ab
1902 2217 2186 2276 omnibus
2230 2225 2335 2294 qui

242 2298 522 2390 aderant,
570 2327 845 2394 tempore
891 2318 1024 2376 eius
1070 2326 1156 2377 rei
1201 2318 1555 2389 censtitflte,
1590 2327 1627 2376 e,
1671 2318 1934 2378 concilis)
1979 2318 2332 2378 disceditur.

327 2426 382 2475 3.
434 2418 563 2478 Ubi
608 2438 683 2477 ea
727 2419 861 2478 dies
906 2419 1090 2487 venit,
1140 2420 1449 2478 Carnutes
1497 2420 1762 2478 Cotuete
1799 2428 1859 2477 et
1905 2421 2336 2479 Conconneto-

240 2520 478 2579 dumne
510 2519 791 2592 ducibuS,
826 2520 1169 2596 desperatis
1214 2518 1585 2592 hominibuS‚
1621 2519 1942 2578 Cenabum
1979 2528 2157 2597 signe
2189 2521 2336 2581 dato

240 2617 664 2693 concurrunt,⁸
705 2629 982 2696 civisque
1046 2622 1365 2679 Remfines
1424 2628 1529 2696 qui
1589 2619 1946 2698 negetiandi
2005 2630 2192 2680 cause,
2250 2621 2335 2680 ibi

239 2721 668 2795 censtiterant,
720 2721 783 2779 in
836 2721 934 2779 his
989 2722 1058 2780 C.
1118 2720 1353 2779 Fufium
1407 2719 1631 2792 Citam,
1680 2721 2007 2780 honestum
2067 2721 2334 2799 equitem

243 2825 619 2895 Romanum,
676 2830 783 2899 qui
834 2831 922 2880 rei
972 2820 1408 2880 frumentariae
1463 2819 1631 2880 iussu
1691 2821 1978 2880 Caesaris
2038 2832 2332 2900 praeerat,

239 2922 622 2982 interficiunt
663 2922 953 2998 bonaque
1000 2928 1208 2980 eerum
1256 2920 1570 2998 diripiunt.
1662 2921 1955 2981 Celeriter
2000 2922 2078 2980 ad
2136 2931 2338 2981 omnis

241 3023 486 3082 Galliae
518 3022 784 3082 civitatis
814 3023 980 3082 ferna
1012 3022 1332 3099 perfertur.
1425 3023 1584 3079 Nam
1619 3022 1722 3079 ubi
1755 3041 1913 3098 quae
1938 3023 2128 3081 maior
2152 3034 2337 3100 atque

242 3123 562 3182 inlustrior
606 3119 861 3182 incidit⁹
897 3129 1009 3194 reS,
1044 3122 1308 3182 clamere
1350 3142 1458 3198 per
1499 3130 1679 3199 agres
1718 3121 2123 3200 regionesque
2155 3128 2338 3201 signi-

240 3224 463 3297 ficant3
511 3224 676 3282 hunc
708 3224 808 3281 alii
855 3224 1150 3300 deinceps
1197 3223 1511 3300 excipiunt
1544 3232 1605 3282 et
1649 3224 1940 3299 proximis
1972 3225 2239 3298 tredunt,
2272 3234 2339 3285 ut

239 3334 376 3383 tum
416 3323 659 3383 accidit.
752 3326 913 3382 Nam
947 3343 1104 3400 quae
1139 3325 1377 3383 Cenabi
1418 3323 1655 3382 oriente
1675 3320 1717 3355 ¹⁰
1751 3325 1882 3383 sele
1914 3335 2090 3402 gesta
2131 3335 2339 3385 essent

240 3434 390 3483 ante
449 3433 708 3501 primam
769 3425 1120 3484 cenfectam
1182 3423 1452 3501 vigiliam
1510 3424 1571 3482 in
1631 3424 1865 3483 finibus
1925 3429 2338 3486 Arvernerum

240 3524 458 3583 audita
490 3534 650 3598 sunt,
699 3526 866 3601 quod
898 3524 1163 3602 spatium
1195 3535 1290 3584 est
1321 3524 1553 3581 milium
1593 3544 1884 3601 passuum
1927 3526 2166 3585 circiter
2196 3544 2336 3585 CLX.

330 3674 411 3723 Cf.
436 3673 456 3707 1
476 3676 644 3727 vitae.
662 3703 729 3711 ——
741 3674 765 3707 ²
783 3678 984 3727 ciiram.
1003 3704 1069 3711 —
1082 3673 1103 3707 ⁸
1122 3675 1373 3739 denique.
1391 3702 1459 3709 —-
1472 3674 1493 3705 ⁴
1514 3674 1708 3724 melius
1732 3688 1867 3725 esse.
1885 3704 1951 3711 —
1965 3675 1987 3707 ⁶
2005 3676 2336 3726 deliberatis).

237 3787 313 3794 —
326 3756 350 3790 ⁶
379 3760 600 3823 primes
617 3787 685 3795 —
698 3758 718 3790 ⁷
751 3758 1118 3811 cenfirrnetur.
1132 3788 1198 3794 --
1211 3758 1231 3790 ⁸
1266 3757 1609 3809 conveniunt.
1623 3785 1688 3791 —
1702 3756 1724 3788 ⁹
1756 3758 2044 3822 contingit.
2062 3787 2130 3793 —
2144 3756 2185 3789 ¹⁰
2217 3772 2336 3820 opp.

237 3841 539 3895 occidente.

2376 1639 2434 1675 10

2375 2140 2434 2194 15

2374 2643 2437 2678 20

2377 3144 2436 3195 ²5
