<?xml version="1.0" encoding="UTF-8"?>
<!DOCTYPE html PUBLIC "-//W3C//DTD XHTML 1.0 Transitional//EN"
    "http://www.w3.org/TR/xhtml1/DTD/xhtml1-transitional.dtd">
<html xmlns="http://www.w3.org/1999/xhtml" xml:lang="en" lang="en">
 <head>
  <title>
</title>
<meta http-equiv="Content-Type" content="text/html;charset=utf-8" />
  <meta name='ocr-system' content='tesseract 3.04.00' />
  <meta name='ocr-capabilities' content='ocr_page ocr_carea ocr_par ocr_line ocrx_word'/>
</head>
<body>
  <div class='ocr_page' id='page_1' title='image "./caesarsgallicwa02greegoog_0364.png"; bbox 0 0 2819 4297; ppageno 0'>
   <div class='ocr_carea' id='block_1_1' title="bbox 438 266 2537 344">
    <p class='ocr_par' dir='ltr' id='par_1_1' title="bbox 438 266 2537 344">
     <span class='ocr_line' id='line_1_1' title="bbox 438 266 2537 344; baseline -0 -16"><span class='ocrx_word' id='word_1_1' title='bbox 438 280 572 344; x_wconf 86' lang='lat'>224</span> <span class='ocrx_word' id='word_1_2' title='bbox 1170 266 1232 328; x_wconf 94' lang='lat' dir='ltr'><em>T</em></span> <span class='ocrx_word' id='word_1_3' title='bbox 1221 267 1303 329; x_wconf 78' lang='lat' dir='ltr'>lte</span> <span class='ocrx_word' id='word_1_4' title='bbox 1353 266 1576 330; x_wconf 79' lang='lat' dir='ltr'>Gallie</span> <span class='ocrx_word' id='word_1_5' title='bbox 1630 268 1796 329; x_wconf 85' lang='lat' dir='ltr'>War.</span> <span class='ocrx_word' id='word_1_6' title='bbox 2300 277 2537 343; x_wconf 66' lang='lat' dir='ltr'>[CAEsAn</span> 
     </span>
    </p>
   </div>
   <div class='ocr_carea' id='block_1_2' title="bbox 376 456 2539 927">
    <p class='ocr_par' dir='ltr' id='par_1_2' title="bbox 437 456 2538 533">
     <span class='ocr_line' id='line_1_2' title="bbox 437 456 2538 533; baseline 0.001 -18"><span class='ocrx_word' id='word_1_7' title='bbox 437 456 583 515; x_wconf 88' lang='lat' dir='ltr'>endi</span> <span class='ocrx_word' id='word_1_8' title='bbox 616 456 850 516; x_wconf 88' lang='lat' dir='ltr'>timoris</span> <span class='ocrx_word' id='word_1_9' title='bbox 880 465 1068 516; x_wconf 72' lang='lat' dir='ltr'>causa</span> <span class='ocrx_word' id='word_1_10' title='bbox 1095 466 1405 517; x_wconf 69' lang='lat' dir='ltr'>ostentare</span> <span class='ocrx_word' id='word_1_11' title='bbox 1438 464 1800 533; x_wconf 72' lang='lat' dir='ltr'>coeporunt;</span> <span class='ocrx_word' id='word_1_12' title='bbox 1848 465 1901 515; x_wconf 92' lang='lat' dir='ltr'>si</span> <span class='ocrx_word' id='word_1_13' title='bbox 1932 456 2011 515; x_wconf 92' lang='lat' dir='ltr'>ab</span> <span class='ocrx_word' id='word_1_14' title='bbox 2042 462 2108 516; x_wconf 74' lang='lat' dir='ltr'>ro</span> <span class='ocrx_word' id='word_1_15' title='bbox 2131 456 2538 517; x_wconf 69' lang='lat' dir='ltr'>frumentario.</span> 
     </span>
    </p>

    <p class='ocr_par' dir='ltr' id='par_1_3' title="bbox 442 555 2535 637">
     <span class='ocr_line' id='line_1_3' title="bbox 442 555 2535 637; baseline 0 -23"><span class='ocrx_word' id='word_1_16' title='bbox 442 558 760 615; x_wconf 72' lang='lat' dir='ltr'>Romanos</span> <span class='ocrx_word' id='word_1_17' title='bbox 818 557 1143 617; x_wconf 74' lang='lat' dir='ltr'>excludere</span> <span class='ocrx_word' id='word_1_18' title='bbox 1205 557 1346 637; x_wconf 89' lang='lat' dir='ltr'>[aut</span> <span class='ocrx_word' id='word_1_19' title='bbox 1402 556 1708 616; x_wconf 89' lang='lat' dir='ltr'>adductos</span> <span class='ocrx_word' id='word_1_20' title='bbox 1767 556 1975 632; x_wconf 72' lang='lat' dir='ltr'>inopia</span> <span class='ocrx_word' id='word_1_21' title='bbox 2027 555 2090 613; x_wconf 90' lang='lat' dir='ltr'>in</span> <span class='ocrx_word' id='word_1_22' title='bbox 2149 556 2535 632; x_wconf 89' lang='lat' dir='ltr'>provinciam</span> 
     </span>
    </p>

    <p class='ocr_par' dir='ltr' id='par_1_4' title="bbox 438 654 2539 736">
     <span class='ocr_line' id='line_1_4' title="bbox 438 654 2539 736; baseline 0 -22"><span class='ocrx_word' id='word_1_23' title='bbox 438 656 743 732; x_wconf 80' lang='lat' dir='ltr'>expellere</span> <span class='ocrx_word' id='word_1_24' title='bbox 762 654 816 736; x_wconf 89' lang='lat'>¹]</span> <span class='ocrx_word' id='word_1_25' title='bbox 850 667 1122 733; x_wconf 89' lang='lat' dir='ltr'>possent.</span> <span class='ocrx_word' id='word_1_26' title='bbox 1184 656 1386 730; x_wconf 88' lang='lat' dir='ltr'>Quam</span> <span class='ocrx_word' id='word_1_27' title='bbox 1413 656 1491 714; x_wconf 93' lang='lat' dir='ltr'>ad</span> <span class='ocrx_word' id='word_1_28' title='bbox 1524 675 1696 733; x_wconf 90' lang='lat' dir='ltr'>spem</span> <span class='ocrx_word' id='word_1_29' title='bbox 1727 657 1985 715; x_wconf 90' lang='lat' dir='ltr'>multum</span> <span class='ocrx_word' id='word_1_30' title='bbox 2016 664 2126 716; x_wconf 90' lang='lat' dir='ltr'>eos</span> <span class='ocrx_word' id='word_1_31' title='bbox 2158 656 2495 716; x_wconf 75' lang='lat' dir='ltr'>adiuvabat</span> <span class='ocrx_word' id='word_1_32' title='bbox 2515 654 2539 688; x_wconf 79' lang='lat'>²</span> 
     </span>
    </p>

    <p class='ocr_par' dir='ltr' id='par_1_5' title="bbox 376 755 2535 927">
     <span class='ocr_line' id='line_1_5' title="bbox 440 755 2535 833; baseline 0 -18"><span class='ocrx_word' id='word_1_33' title='bbox 440 756 608 833; x_wconf 93' lang='lat' dir='ltr'>quod</span> <span class='ocrx_word' id='word_1_34' title='bbox 639 756 821 832; x_wconf 88' lang='lat' dir='ltr'>Liger</span> <span class='ocrx_word' id='word_1_35' title='bbox 849 775 925 816; x_wconf 86' lang='lat' dir='ltr'>ex</span> <span class='ocrx_word' id='word_1_36' title='bbox 970 755 1212 814; x_wconf 92' lang='lat' dir='ltr'>nivibus</span> <span class='ocrx_word' id='word_1_37' title='bbox 1256 762 1546 827; x_wconf 63' lang='lat' dir='ltr'>creverat,</span> <span class='ocrx_word' id='word_1_38' title='bbox 1596 765 1661 814; x_wconf 90' lang='lat' dir='ltr'>ut</span> <span class='ocrx_word' id='word_1_39' title='bbox 1707 763 1959 815; x_wconf 90' lang='lat' dir='ltr'>omnino</span> <span class='ocrx_word' id='word_1_40' title='bbox 1995 757 2156 816; x_wconf 87' lang='lat' dir='ltr'>vado</span> <span class='ocrx_word' id='word_1_41' title='bbox 2187 763 2312 815; x_wconf 91' lang='lat' dir='ltr'>non</span> <span class='ocrx_word' id='word_1_42' title='bbox 2344 775 2535 832; x_wconf 91' lang='lat' dir='ltr'>posse</span> 
     </span>
     <span class='ocr_line' id='line_1_6' title="bbox 376 855 1043 927; baseline 0.003 -14"><span class='ocrx_word' id='word_1_43' title='bbox 376 873 404 927; x_wconf 81' lang='lat'><strong>5</strong></span> <span class='ocrx_word' id='word_1_44' title='bbox 439 863 687 914; x_wconf 75' lang='lat' dir='ltr'>transiri</span> <span class='ocrx_word' id='word_1_45' title='bbox 718 855 1043 915; x_wconf 64' lang='lat' dir='ltr'>videretur.</span> 
     </span>
    </p>
   </div>
   <div class='ocr_carea' id='block_1_3' title="bbox 540 1035 2431 1089">
    <p class='ocr_par' dir='ltr' id='par_1_6' title="bbox 540 1035 2431 1089">
     <span class='ocr_line' id='line_1_7' title="bbox 540 1035 2431 1089; baseline 0.001 -10"><span class='ocrx_word' id='word_1_46' title='bbox 540 1035 707 1079; x_wconf 64' lang='lat' dir='ltr'>Cesar</span> <span class='ocrx_word' id='word_1_47' title='bbox 735 1037 906 1079; x_wconf 63' lang='lat' dir='ltr'>Manes</span> <span class='ocrx_word' id='word_1_48' title='bbox 935 1049 964 1078; x_wconf 81' lang='lat' dir='ltr'>a</span> <span class='ocrx_word' id='word_1_49' title='bbox 991 1037 1271 1079; x_wconf 74' lang='lat' dir='ltr'>Successful</span> <span class='ocrx_word' id='word_1_50' title='bbox 1300 1038 1536 1089; x_wconf 81' lang='lat' dir='ltr'>Crossing</span> <span class='ocrx_word' id='word_1_51' title='bbox 1563 1043 1615 1079; x_wconf 89' lang='lat' dir='ltr'>to</span> <span class='ocrx_word' id='word_1_52' title='bbox 1634 1039 1720 1079; x_wconf 82' lang='lat' dir='ltr'>the</span> <span class='ocrx_word' id='word_1_53' title='bbox 1750 1039 1907 1080; x_wconf 82' lang='lat' dir='ltr'><strong>North</strong></span> <span class='ocrx_word' id='word_1_54' title='bbox 1937 1038 2053 1080; x_wconf 85' lang='lat' dir='ltr'>Side</span> <span class='ocrx_word' id='word_1_55' title='bbox 2078 1039 2131 1080; x_wconf 82' lang='lat' dir='ltr'>of</span> <span class='ocrx_word' id='word_1_56' title='bbox 2155 1038 2240 1079; x_wconf 84' lang='lat' dir='ltr'>the</span> <span class='ocrx_word' id='word_1_57' title='bbox 2268 1038 2431 1081; x_wconf 83' lang='lat' dir='ltr'>Loire.</span> 
     </span>
    </p>
   </div>
   <div class='ocr_carea' id='block_1_4' title="bbox 345 1126 2538 2822">
    <p class='ocr_par' dir='ltr' id='par_1_7' title="bbox 440 1126 2538 1534">
     <span class='ocr_line' id='line_1_8' title="bbox 524 1126 2536 1234; baseline 0.001 -20"><span class='ocrx_word' id='word_1_58' title='bbox 524 1164 616 1214; x_wconf 80' lang='lat'>56.</span> <span class='ocrx_word' id='word_1_59' title='bbox 678 1157 920 1231; x_wconf 89' lang='lat' dir='ltr'><strong>Quibus</strong></span> <span class='ocrx_word' id='word_1_60' title='bbox 995 1158 1179 1216; x_wconf 71' lang='lat' dir='ltr'>robus</span> <span class='ocrx_word' id='word_1_61' title='bbox 1253 1126 1516 1234; x_wconf 77' lang='lat' dir='ltr'>cognitis</span> <span class='ocrx_word' id='word_1_62' title='bbox 1592 1160 1823 1216; x_wconf 81' lang='lat' dir='ltr'>Caesar</span> <span class='ocrx_word' id='word_1_63' title='bbox 1881 1158 2307 1216; x_wconf 74' lang='lat' dir='ltr'>maturandum</span> <span class='ocrx_word' id='word_1_64' title='bbox 2330 1155 2354 1189; x_wconf 82' lang='lat'><strong>⁸</strong></span> <span class='ocrx_word' id='word_1_65' title='bbox 2411 1157 2536 1218; x_wconf 88' lang='lat' dir='ltr'><strong>sibi</strong></span> 
     </span>
     <span class='ocr_line' id='line_1_9' title="bbox 440 1255 2538 1335; baseline 0.001 -19"><span class='ocrx_word' id='word_1_66' title='bbox 440 1255 724 1330; x_wconf 75' lang='lat' dir='ltr'>censuit,⁴</span> <span class='ocrx_word' id='word_1_67' title='bbox 765 1266 818 1316; x_wconf 92' lang='lat' dir='ltr'>si</span> <span class='ocrx_word' id='word_1_68' title='bbox 862 1267 1028 1318; x_wconf 90' lang='lat' dir='ltr'>esset</span> <span class='ocrx_word' id='word_1_69' title='bbox 1073 1259 1135 1316; x_wconf 92' lang='lat' dir='ltr'>in</span> <span class='ocrx_word' id='word_1_70' title='bbox 1179 1257 1572 1335; x_wconf 89' lang='lat' dir='ltr'>perficiendis</span> <span class='ocrx_word' id='word_1_71' title='bbox 1613 1257 1908 1334; x_wconf 89' lang='lat' dir='ltr'>pontibus</span> <span class='ocrx_word' id='word_1_72' title='bbox 1940 1256 2431 1333; x_wconf 90' lang='lat' dir='ltr'>periclitandum,</span> <span class='ocrx_word' id='word_1_73' title='bbox 2467 1268 2538 1318; x_wconf 91' lang='lat' dir='ltr'>ut</span> 
     </span>
     <span class='ocr_line' id='line_1_10' title="bbox 440 1355 2532 1434; baseline 0 -18"><span class='ocrx_word' id='word_1_74' title='bbox 440 1358 612 1434; x_wconf 90' lang='lat' dir='ltr'>prius</span> <span class='ocrx_word' id='word_1_75' title='bbox 663 1377 846 1434; x_wconf 89' lang='lat' dir='ltr'>quam</span> <span class='ocrx_word' id='word_1_76' title='bbox 902 1367 1112 1417; x_wconf 90' lang='lat' dir='ltr'>essent</span> <span class='ocrx_word' id='word_1_77' title='bbox 1164 1357 1428 1416; x_wconf 64' lang='lat' dir='ltr'>maiores</span> <span class='ocrx_word' id='word_1_78' title='bbox 1473 1365 1550 1416; x_wconf 90' lang='lat' dir='ltr'>eo</span> <span class='ocrx_word' id='word_1_79' title='bbox 1595 1355 1887 1416; x_wconf 75' lang='lat' dir='ltr'>coactae⁵</span> <span class='ocrx_word' id='word_1_80' title='bbox 1929 1359 2145 1433; x_wconf 91' lang='lat' dir='ltr'>copiae</span> <span class='ocrx_word' id='word_1_81' title='bbox 2191 1358 2532 1417; x_wconf 71' lang='lat' dir='ltr'>dimicaret.</span> 
     </span>
     <span class='ocr_line' id='line_1_11' title="bbox 443 1456 2529 1534; baseline 0.001 -18"><span class='ocrx_word' id='word_1_82' title='bbox 443 1460 603 1516; x_wconf 91' lang='lat' dir='ltr'>Nam</span> <span class='ocrx_word' id='word_1_83' title='bbox 639 1464 713 1516; x_wconf 77' lang='lat' dir='ltr'>ne</span> <span class='ocrx_word' id='word_1_84' title='bbox 745 1465 1118 1517; x_wconf 71' lang='lat' dir='ltr'>commutato</span> <span class='ocrx_word' id='word_1_85' title='bbox 1149 1456 1409 1516; x_wconf 89' lang='lat' dir='ltr'>consilio</span> <span class='ocrx_word' id='word_1_86' title='bbox 1451 1456 1566 1516; x_wconf 92' lang='lat' dir='ltr'>iter</span> <span class='ocrx_word' id='word_1_87' title='bbox 1609 1457 1670 1514; x_wconf 93' lang='lat' dir='ltr'>in</span> <span class='ocrx_word' id='word_1_88' title='bbox 1717 1456 2093 1534; x_wconf 88' lang='lat' dir='ltr'>provinciam</span> <span class='ocrx_word' id='word_1_89' title='bbox 2126 1468 2529 1530; x_wconf 71' lang='lat' dir='ltr'>converteret,</span> 
     </span>
    </p>

    <p class='ocr_par' dir='ltr' id='par_1_8' title="bbox 345 1557 2537 2035">
     <span class='ocr_line' id='line_1_12' title="bbox 345 1557 2533 1633; baseline 0 -17"><span class='ocrx_word' id='word_1_90' title='bbox 345 1582 405 1617; x_wconf 90' lang='lat'>10</span> <span class='ocrx_word' id='word_1_91' title='bbox 441 1566 509 1616; x_wconf 91' lang='lat' dir='ltr'>ut</span> <span class='ocrx_word' id='word_1_92' title='bbox 539 1561 652 1616; x_wconf 79' lang='lat' dir='ltr'>no‘n</span> <span class='ocrx_word' id='word_1_93' title='bbox 683 1564 864 1616; x_wconf 72' lang='lat' dir='ltr'>nomo</span> <span class='ocrx_word' id='word_1_94' title='bbox 894 1567 1022 1616; x_wconf 91' lang='lat' dir='ltr'>tum</span> <span class='ocrx_word' id='word_1_95' title='bbox 1056 1557 1301 1633; x_wconf 92' lang='lat' dir='ltr'>quidem</span> <span class='ocrx_word' id='word_1_96' title='bbox 1335 1558 1686 1616; x_wconf 73' lang='lat' dir='ltr'>necessario</span> <span class='ocrx_word' id='word_1_97' title='bbox 1722 1557 2077 1617; x_wconf 85' lang='lat' dir='ltr'>faciundum</span> <span class='ocrx_word' id='word_1_98' title='bbox 2122 1558 2533 1631; x_wconf 56' lang='lat' dir='ltr'>existimabat,</span> 
     </span>
     <span class='ocr_line' id='line_1_13' title="bbox 442 1654 2534 1735; baseline 0 -19"><span class='ocrx_word' id='word_1_99' title='bbox 442 1676 581 1716; x_wconf 91' lang='lat' dir='ltr'>cum</span> <span class='ocrx_word' id='word_1_100' title='bbox 640 1657 891 1715; x_wconf 74' lang='lat' dir='ltr'>infamia</span> <span class='ocrx_word' id='word_1_101' title='bbox 915 1654 939 1688; x_wconf 79' lang='lat'><strong>⁶</strong></span> <span class='ocrx_word' id='word_1_102' title='bbox 1010 1666 1194 1733; x_wconf 91' lang='lat' dir='ltr'>atque</span> <span class='ocrx_word' id='word_1_103' title='bbox 1268 1655 1644 1735; x_wconf 71' lang='lat' dir='ltr'>indignitas⁷</span> <span class='ocrx_word' id='word_1_104' title='bbox 1701 1666 1788 1716; x_wconf 90' lang='lat' dir='ltr'>rei</span> <span class='ocrx_word' id='word_1_105' title='bbox 1846 1667 1907 1717; x_wconf 87' lang='lat' dir='ltr'>et</span> <span class='ocrx_word' id='word_1_106' title='bbox 1965 1657 2290 1734; x_wconf 89' lang='lat' dir='ltr'>oppositus</span> <span class='ocrx_word' id='word_1_107' title='bbox 2352 1665 2534 1717; x_wconf 88' lang='lat' dir='ltr'>mons</span> 
     </span>
     <span class='ocr_line' id='line_1_14' title="bbox 444 1757 2534 1835; baseline 0 -18"><span class='ocrx_word' id='word_1_108' title='bbox 444 1758 737 1817; x_wconf 87' lang='lat' dir='ltr'>Cevenna</span> <span class='ocrx_word' id='word_1_109' title='bbox 790 1757 1148 1834; x_wconf 72' lang='lat' dir='ltr'>viarumque</span> <span class='ocrx_word' id='word_1_110' title='bbox 1207 1757 1536 1817; x_wconf 76' lang='lat' dir='ltr'>difficultas</span> <span class='ocrx_word' id='word_1_111' title='bbox 1611 1757 2019 1835; x_wconf 51' lang='lat' dir='ltr'>impediebam</span> <span class='ocrx_word' id='word_1_112' title='bbox 2068 1768 2196 1817; x_wconf 91' lang='lat' dir='ltr'>tum</span> <span class='ocrx_word' id='word_1_113' title='bbox 2270 1757 2534 1818; x_wconf 75' lang='lat' dir='ltr'>maximo</span> 
     </span>
     <span class='ocr_line' id='line_1_15' title="bbox 443 1852 2537 1936; baseline 0.001 -22"><span class='ocrx_word' id='word_1_114' title='bbox 443 1858 611 1935; x_wconf 93' lang='lat' dir='ltr'>quod</span> <span class='ocrx_word' id='word_1_115' title='bbox 657 1852 988 1916; x_wconf 77' lang='lat' dir='ltr'>abifincto⁸</span> <span class='ocrx_word' id='word_1_116' title='bbox 1018 1857 1296 1917; x_wconf 72' lang='lat' dir='ltr'>Labiono</span> <span class='ocrx_word' id='word_1_117' title='bbox 1342 1868 1525 1934; x_wconf 88' lang='lat' dir='ltr'>atque</span> <span class='ocrx_word' id='word_1_118' title='bbox 1563 1867 1654 1917; x_wconf 90' lang='lat' dir='ltr'>eis</span> <span class='ocrx_word' id='word_1_119' title='bbox 1695 1858 2041 1936; x_wconf 90' lang='lat' dir='ltr'>legionibus</span> <span class='ocrx_word' id='word_1_120' title='bbox 2083 1866 2236 1933; x_wconf 72' lang='lat' dir='ltr'>quas</span> <span class='ocrx_word' id='word_1_121' title='bbox 2274 1860 2405 1917; x_wconf 72' lang='lat' dir='ltr'>flna&#39;</span> <span class='ocrx_word' id='word_1_122' title='bbox 2430 1866 2537 1916; x_wconf 90' lang='lat' dir='ltr'>mi-</span> 
     </span>
     <span class='ocr_line' id='line_1_16' title="bbox 442 1953 2535 2035; baseline 0 -18"><span class='ocrx_word' id='word_1_123' title='bbox 442 1967 607 2017; x_wconf 86' lang='lat' dir='ltr'>serat</span> <span class='ocrx_word' id='word_1_124' title='bbox 631 1958 1024 2017; x_wconf 90' lang='lat' dir='ltr'>vehementer</span> <span class='ocrx_word' id='word_1_125' title='bbox 1050 1953 1350 2017; x_wconf 55' lang='lat' dir='ltr'>timebat?</span> <span class='ocrx_word' id='word_1_126' title='bbox 1429 1960 1648 2035; x_wconf 89' lang='lat' dir='ltr'>Itaque</span> <span class='ocrx_word' id='word_1_127' title='bbox 1674 1958 2007 2017; x_wconf 87' lang='lat' dir='ltr'>admodum</span> <span class='ocrx_word' id='word_1_128' title='bbox 2033 1966 2271 2035; x_wconf 73' lang='lat' dir='ltr'>magnis</span> <span class='ocrx_word' id='word_1_129' title='bbox 2296 1957 2535 2017; x_wconf 91' lang='lat' dir='ltr'>diurnis</span> 
     </span>
    </p>

    <p class='ocr_par' dir='ltr' id='par_1_9' title="bbox 346 2058 2535 2538">
     <span class='ocr_line' id='line_1_17' title="bbox 346 2058 2534 2135; baseline 0 -18"><span class='ocrx_word' id='word_1_130' title='bbox 346 2081 406 2135; x_wconf 85' lang='lat'>15</span> <span class='ocrx_word' id='word_1_131' title='bbox 442 2067 882 2135; x_wconf 82' lang='lat' dir='ltr'>nocturnisque</span> <span class='ocrx_word' id='word_1_132' title='bbox 916 2059 1236 2117; x_wconf 90' lang='lat' dir='ltr'>itineribus</span> <span class='ocrx_word' id='word_1_133' title='bbox 1267 2059 1586 2130; x_wconf 81' lang='lat' dir='ltr'>confectiS‚</span> <span class='ocrx_word' id='word_1_134' title='bbox 1622 2067 1836 2118; x_wconf 71' lang='lat' dir='ltr'>contra</span> <span class='ocrx_word' id='word_1_135' title='bbox 1872 2058 2143 2117; x_wconf 92' lang='lat' dir='ltr'>omnium</span> <span class='ocrx_word' id='word_1_136' title='bbox 2175 2060 2534 2134; x_wconf 76' lang='lat' dir='ltr'>opinionem</span> 
     </span>
     <span class='ocr_line' id='line_1_18' title="bbox 443 2159 2535 2238; baseline -0 -19"><span class='ocrx_word' id='word_1_137' title='bbox 443 2161 522 2220; x_wconf 93' lang='lat' dir='ltr'>ad</span> <span class='ocrx_word' id='word_1_138' title='bbox 556 2160 820 2238; x_wconf 88' lang='lat' dir='ltr'>Ligerim</span> <span class='ocrx_word' id='word_1_139' title='bbox 850 2161 1051 2233; x_wconf 72' lang='lat' dir='ltr'>vonit3</span> <span class='ocrx_word' id='word_1_140' title='bbox 1101 2159 1383 2236; x_wconf 77' lang='lat' dir='ltr'>vadoque</span> <span class='ocrx_word' id='word_1_141' title='bbox 1409 2179 1517 2236; x_wconf 91' lang='lat' dir='ltr'>per</span> <span class='ocrx_word' id='word_1_142' title='bbox 1543 2161 1780 2236; x_wconf 76' lang='lat' dir='ltr'>equites</span> <span class='ocrx_word' id='word_1_143' title='bbox 1807 2160 2057 2218; x_wconf 90' lang='lat' dir='ltr'>invento</span> <span class='ocrx_word' id='word_1_144' title='bbox 2081 2166 2193 2235; x_wconf 91' lang='lat' dir='ltr'>pro</span> <span class='ocrx_word' id='word_1_145' title='bbox 2213 2167 2300 2218; x_wconf 92' lang='lat' dir='ltr'>rei</span> <span class='ocrx_word' id='word_1_146' title='bbox 2325 2178 2535 2218; x_wconf 91' lang='lat' dir='ltr'>neces-</span> 
     </span>
     <span class='ocr_line' id='line_1_19' title="bbox 444 2256 2534 2337; baseline -0.002 -17"><span class='ocrx_word' id='word_1_147' title='bbox 444 2264 624 2320; x_wconf 71' lang='lat' dir='ltr'>sitate</span> <span class='ocrx_word' id='word_1_148' title='bbox 671 2268 1037 2337; x_wconf 73' lang='lat' dir='ltr'>opportuno,</span> <span class='ocrx_word' id='word_1_149' title='bbox 1063 2269 1131 2318; x_wconf 90' lang='lat' dir='ltr'>ut</span> <span class='ocrx_word' id='word_1_150' title='bbox 1160 2260 1450 2318; x_wconf 89' lang='lat' dir='ltr'>bracchia</span> <span class='ocrx_word' id='word_1_151' title='bbox 1479 2259 1663 2318; x_wconf 93' lang='lat' dir='ltr'>modo</span> <span class='ocrx_word' id='word_1_152' title='bbox 1684 2256 1726 2292; x_wconf 87' lang='lat'>¹⁰</span> <span class='ocrx_word' id='word_1_153' title='bbox 1772 2269 1954 2335; x_wconf 87' lang='lat' dir='ltr'>atque</span> <span class='ocrx_word' id='word_1_154' title='bbox 2001 2267 2192 2317; x_wconf 91' lang='lat' dir='ltr'>umeri</span> <span class='ocrx_word' id='word_1_155' title='bbox 2238 2258 2317 2317; x_wconf 90' lang='lat' dir='ltr'>ad</span> <span class='ocrx_word' id='word_1_156' title='bbox 2355 2260 2534 2318; x_wconf 92' lang='lat' dir='ltr'>susti-</span> 
     </span>
     <span class='ocr_line' id='line_1_20' title="bbox 445 2356 2535 2436; baseline -0.001 -16"><span class='ocrx_word' id='word_1_157' title='bbox 445 2361 652 2420; x_wconf 89' lang='lat' dir='ltr'>nenda</span> <span class='ocrx_word' id='word_1_158' title='bbox 682 2379 847 2419; x_wconf 90' lang='lat' dir='ltr'>arma</span> <span class='ocrx_word' id='word_1_159' title='bbox 880 2360 1057 2419; x_wconf 89' lang='lat' dir='ltr'>liberi</span> <span class='ocrx_word' id='word_1_160' title='bbox 1079 2356 1116 2391; x_wconf 88' lang='lat'>¹¹</span> <span class='ocrx_word' id='word_1_161' title='bbox 1149 2360 1227 2417; x_wconf 93' lang='lat' dir='ltr'>ab</span> <span class='ocrx_word' id='word_1_162' title='bbox 1254 2367 1416 2435; x_wconf 71' lang='lat' dir='ltr'>aquo.</span> <span class='ocrx_word' id='word_1_163' title='bbox 1445 2378 1583 2418; x_wconf 90' lang='lat' dir='ltr'>esse</span> <span class='ocrx_word' id='word_1_164' title='bbox 1614 2369 1886 2436; x_wconf 88' lang='lat' dir='ltr'>possent,</span> <span class='ocrx_word' id='word_1_165' title='bbox 1923 2359 2230 2436; x_wconf 91' lang='lat' dir='ltr'>disposito</span> <span class='ocrx_word' id='word_1_166' title='bbox 2260 2359 2535 2434; x_wconf 60' lang='lat' dir='ltr'>equitatu</span> 
     </span>
     <span class='ocr_line' id='line_1_21' title="bbox 446 2442 2535 2538; baseline -0 -19"><span class='ocrx_word' id='word_1_167' title='bbox 446 2442 565 2538; x_wconf 88' lang='lat' dir='ltr'>qui</span> <span class='ocrx_word' id='word_1_168' title='bbox 585 2460 703 2519; x_wconf 92' lang='lat' dir='ltr'>vim</span> <span class='ocrx_word' id='word_1_169' title='bbox 734 2460 1001 2518; x_wconf 61' lang='lat' dir='ltr'>flaminis</span> <span class='ocrx_word' id='word_1_170' title='bbox 1035 2460 1415 2535; x_wconf 81' lang='lat' dir='ltr'>refringeret,</span> <span class='ocrx_word' id='word_1_171' title='bbox 1451 2469 1635 2535; x_wconf 90' lang='lat' dir='ltr'>atque</span> <span class='ocrx_word' id='word_1_172' title='bbox 1679 2459 1965 2518; x_wconf 89' lang='lat' dir='ltr'>hostibus</span> <span class='ocrx_word' id='word_1_173' title='bbox 1996 2466 2193 2535; x_wconf 91' lang='lat' dir='ltr'>primo</span> <span class='ocrx_word' id='word_1_174' title='bbox 2234 2460 2535 2535; x_wconf 73' lang='lat' dir='ltr'>adspectu</span> 
     </span>
    </p>

    <p class='ocr_par' dir='ltr' id='par_1_10' title="bbox 347 2556 2534 2637">
     <span class='ocr_line' id='line_1_22' title="bbox 347 2556 2534 2637; baseline 0.001 -21"><span class='ocrx_word' id='word_1_175' title='bbox 347 2582 409 2617; x_wconf 88' lang='lat'>20</span> <span class='ocrx_word' id='word_1_176' title='bbox 445 2556 883 2637; x_wconf 72' lang='lat' dir='ltr'>perturbatiS,¹²</span> <span class='ocrx_word' id='word_1_177' title='bbox 913 2559 1280 2618; x_wconf 90' lang='lat' dir='ltr'>incolumem</span> <span class='ocrx_word' id='word_1_178' title='bbox 1313 2558 1643 2618; x_wconf 89' lang='lat' dir='ltr'>exercitum</span> <span class='ocrx_word' id='word_1_179' title='bbox 1684 2560 1985 2629; x_wconf 77' lang='lat' dir='ltr'>traduxit3</span> <span class='ocrx_word' id='word_1_180' title='bbox 2033 2560 2534 2636; x_wconf 78' lang='lat' dir='ltr'>frumentumque</span> 
     </span>
    </p>

    <p class='ocr_par' dir='ltr' id='par_1_11' title="bbox 399 2659 2536 2822">
     <span class='ocr_line' id='line_1_23' title="bbox 399 2659 2536 2737; baseline -0 -18"><span class='ocrx_word' id='word_1_181' title='bbox 399 2688 405 2693; x_wconf 45' lang='lat' dir='ltr'>f</span> <span class='ocrx_word' id='word_1_182' title='bbox 445 2660 508 2719; x_wconf 91' lang='lat' dir='ltr'>in</span> <span class='ocrx_word' id='word_1_183' title='bbox 540 2668 702 2737; x_wconf 89' lang='lat' dir='ltr'>agris</span> <span class='ocrx_word' id='word_1_184' title='bbox 733 2670 795 2719; x_wconf 90' lang='lat' dir='ltr'>et</span> <span class='ocrx_word' id='word_1_185' title='bbox 827 2659 1065 2735; x_wconf 90' lang='lat' dir='ltr'>pecoris</span> <span class='ocrx_word' id='word_1_186' title='bbox 1095 2660 1338 2735; x_wconf 90' lang='lat' dir='ltr'>copiam</span> <span class='ocrx_word' id='word_1_187' title='bbox 1370 2668 1604 2729; x_wconf 81' lang='lat' dir='ltr'>nactuS,</span> <span class='ocrx_word' id='word_1_188' title='bbox 1639 2660 1873 2736; x_wconf 72' lang='lat' dir='ltr'>reploto</span> <span class='ocrx_word' id='word_1_189' title='bbox 1913 2661 2010 2719; x_wconf 89' lang='lat' dir='ltr'>his</span> <span class='ocrx_word' id='word_1_190' title='bbox 2048 2661 2232 2720; x_wconf 74' lang='lat' dir='ltr'>robus</span> <span class='ocrx_word' id='word_1_191' title='bbox 2262 2659 2536 2719; x_wconf 76' lang='lat' dir='ltr'>exercitii</span> 
     </span>
     <span class='ocr_line' id='line_1_24' title="bbox 448 2758 1512 2822; baseline -0.005 0"><span class='ocrx_word' id='word_1_192' title='bbox 448 2763 562 2822; x_wconf 93' lang='lat' dir='ltr'>iter</span> <span class='ocrx_word' id='word_1_193' title='bbox 591 2760 655 2819; x_wconf 91' lang='lat' dir='ltr'>in</span> <span class='ocrx_word' id='word_1_194' title='bbox 689 2762 967 2820; x_wconf 61' lang='lat' dir='ltr'>Senones</span> <span class='ocrx_word' id='word_1_195' title='bbox 996 2760 1200 2818; x_wconf 78' lang='lat' dir='ltr'>facere</span> <span class='ocrx_word' id='word_1_196' title='bbox 1232 2758 1512 2817; x_wconf 82' lang='lat' dir='ltr'>instituit.</span> 
     </span>
    </p>
   </div>
   <div class='ocr_carea' id='block_1_5' title="bbox 583 2941 2392 2994">
    <p class='ocr_par' dir='ltr' id='par_1_12' title="bbox 583 2941 2392 2994">
     <span class='ocr_line' id='line_1_25' title="bbox 583 2941 2392 2994; baseline -0.002 -9"><span class='ocrx_word' id='word_1_197' title='bbox 583 2944 828 2984; x_wconf 77' lang='lat' dir='ltr'>Labienus</span> <span class='ocrx_word' id='word_1_198' title='bbox 857 2942 1082 2983; x_wconf 78' lang='lat' dir='ltr'>Mai-ebes</span> <span class='ocrx_word' id='word_1_199' title='bbox 1110 2941 1330 2982; x_wconf 81' lang='lat' dir='ltr'>towards</span> <span class='ocrx_word' id='word_1_200' title='bbox 1362 2941 1577 2982; x_wconf 79' lang='lat' dir='ltr'>Lutetia.</span> <span class='ocrx_word' id='word_1_201' title='bbox 1635 2941 1998 2994; x_wconf 75' lang='lat' dir='ltr'>Camulogenus</span> <span class='ocrx_word' id='word_1_202' title='bbox 2026 2943 2246 2994; x_wconf 68' lang='lat' dir='ltr'>oppones</span> <span class='ocrx_word' id='word_1_203' title='bbox 2273 2942 2392 2983; x_wconf 84' lang='lat' dir='ltr'>him.</span> 
     </span>
    </p>
   </div>
   <div class='ocr_carea' id='block_1_6' title="bbox 352 3059 2541 3536">
    <p class='ocr_par' dir='ltr' id='par_1_13' title="bbox 447 3059 2537 3240">
     <span class='ocr_line' id='line_1_26' title="bbox 533 3059 2537 3137; baseline 0 -17"><span class='ocrx_word' id='word_1_204' title='bbox 533 3072 625 3120; x_wconf 82' lang='lat'>57.</span> <span class='ocrx_word' id='word_1_205' title='bbox 688 3063 850 3120; x_wconf 94' lang='lat' dir='ltr'>Dum</span> <span class='ocrx_word' id='word_1_206' title='bbox 910 3061 1064 3118; x_wconf 91' lang='lat' dir='ltr'>haec</span> <span class='ocrx_word' id='word_1_207' title='bbox 1123 3059 1291 3136; x_wconf 90' lang='lat' dir='ltr'>apud</span> <span class='ocrx_word' id='word_1_208' title='bbox 1348 3061 1680 3120; x_wconf 91' lang='lat' dir='ltr'>Caesarem</span> <span class='ocrx_word' id='word_1_209' title='bbox 1738 3072 2047 3137; x_wconf 89' lang='lat' dir='ltr'>geruntur,</span> <span class='ocrx_word' id='word_1_210' title='bbox 2097 3060 2410 3119; x_wconf 73' lang='lat' dir='ltr'>Labionus</span> <span class='ocrx_word' id='word_1_211' title='bbox 2459 3068 2537 3120; x_wconf 90' lang='lat' dir='ltr'>eo</span> 
     </span>
     <span class='ocr_line' id='line_1_27' title="bbox 447 3152 2536 3240; baseline -0.003 -16"><span class='ocrx_word' id='word_1_212' title='bbox 447 3157 935 3240; x_wconf 76' lang='lat' dir='ltr'>supplomento¹³</span> <span class='ocrx_word' id='word_1_213' title='bbox 963 3160 1129 3236; x_wconf 91' lang='lat' dir='ltr'>quod</span> <span class='ocrx_word' id='word_1_214' title='bbox 1161 3169 1355 3237; x_wconf 79' lang='lat' dir='ltr'>nuper</span> <span class='ocrx_word' id='word_1_215' title='bbox 1384 3179 1460 3218; x_wconf 88' lang='lat' dir='ltr'>ex</span> <span class='ocrx_word' id='word_1_216' title='bbox 1485 3152 1675 3220; x_wconf 61' lang='lat' dir='ltr'>&#39;I&#39;talia</span> <span class='ocrx_word' id='word_1_217' title='bbox 1699 3167 1950 3220; x_wconf 73' lang='lat' dir='ltr'>vonerat</span> <span class='ocrx_word' id='word_1_218' title='bbox 1974 3160 2188 3220; x_wconf 90' lang='lat' dir='ltr'>relicto</span> <span class='ocrx_word' id='word_1_219' title='bbox 2211 3159 2536 3237; x_wconf 56' lang='lat' dir='ltr'>Agedinci,</span> 
     </span>
    </p>

    <p class='ocr_par' dir='ltr' id='par_1_14' title="bbox 352 3260 2541 3438">
     <span class='ocr_line' id='line_1_28' title="bbox 352 3260 2541 3338; baseline 0.002 -22"><span class='ocrx_word' id='word_1_220' title='bbox 352 3280 414 3334; x_wconf 81' lang='lat'>25</span> <span class='ocrx_word' id='word_1_221' title='bbox 451 3274 518 3322; x_wconf 90' lang='lat' dir='ltr'>ut</span> <span class='ocrx_word' id='word_1_222' title='bbox 563 3271 728 3321; x_wconf 89' lang='lat' dir='ltr'>esset</span> <span class='ocrx_word' id='word_1_223' title='bbox 775 3260 1232 3337; x_wconf 82' lang='lat' dir='ltr'>impedimentis</span> <span class='ocrx_word' id='word_1_224' title='bbox 1281 3260 1610 3337; x_wconf 87' lang='lat' dir='ltr'>praesidio,</span> <span class='ocrx_word' id='word_1_225' title='bbox 1666 3280 1804 3319; x_wconf 91' lang='lat' dir='ltr'>cum</span> <span class='ocrx_word' id='word_1_226' title='bbox 1854 3270 2145 3337; x_wconf 86' lang='lat' dir='ltr'>quattuor</span> <span class='ocrx_word' id='word_1_227' title='bbox 2190 3260 2541 3338; x_wconf 79' lang='lat' dir='ltr'>legionibus</span> 
     </span>
     <span class='ocr_line' id='line_1_29' title="bbox 453 3360 2540 3438; baseline -0.001 -16"><span class='ocrx_word' id='word_1_228' title='bbox 453 3362 756 3422; x_wconf 89' lang='lat' dir='ltr'>Lutetiam</span> <span class='ocrx_word' id='word_1_229' title='bbox 788 3360 1210 3437; x_wconf 88' lang='lat' dir='ltr'>proficiscitur.</span> <span class='ocrx_word' id='word_1_230' title='bbox 1302 3361 1376 3419; x_wconf 94' lang='lat' dir='ltr'>Id</span> <span class='ocrx_word' id='word_1_231' title='bbox 1408 3371 1504 3418; x_wconf 90' lang='lat' dir='ltr'>est</span> <span class='ocrx_word' id='word_1_232' title='bbox 1535 3361 1833 3438; x_wconf 87' lang='lat' dir='ltr'>oppidum</span> <span class='ocrx_word' id='word_1_233' title='bbox 1869 3361 2237 3420; x_wconf 88' lang='lat' dir='ltr'>Parisiorum</span> <span class='ocrx_word' id='word_1_234' title='bbox 2268 3360 2540 3437; x_wconf 92' lang='lat' dir='ltr'>positum</span> 
     </span>
    </p>

    <p class='ocr_par' dir='ltr' id='par_1_15' title="bbox 449 3459 2541 3536">
     <span class='ocr_line' id='line_1_30' title="bbox 449 3459 2541 3536; baseline -0 -14"><span class='ocrx_word' id='word_1_235' title='bbox 449 3464 513 3522; x_wconf 91' lang='lat' dir='ltr'>in</span> <span class='ocrx_word' id='word_1_236' title='bbox 565 3462 768 3521; x_wconf 73' lang='lat' dir='ltr'>insula</span> <span class='ocrx_word' id='word_1_237' title='bbox 811 3459 1081 3519; x_wconf 88' lang='lat' dir='ltr'>fliiminis</span> <span class='ocrx_word' id='word_1_238' title='bbox 1130 3461 1469 3536; x_wconf 74' lang='lat' dir='ltr'>Soquanae.</span> <span class='ocrx_word' id='word_1_239' title='bbox 1561 3461 1754 3521; x_wconf 75' lang='lat' dir='ltr'>Cuius</span> <span class='ocrx_word' id='word_1_240' title='bbox 1808 3462 2076 3520; x_wconf 78' lang='lat' dir='ltr'>adventii</span> <span class='ocrx_word' id='word_1_241' title='bbox 2123 3461 2201 3520; x_wconf 90' lang='lat' dir='ltr'>ab</span> <span class='ocrx_word' id='word_1_242' title='bbox 2252 3460 2541 3521; x_wconf 89' lang='lat' dir='ltr'>hostibus</span> 
     </span>
    </p>
   </div>
   <div class='ocr_carea' id='block_1_7' title="bbox 449 3609 2539 3840">
    <p class='ocr_par' dir='ltr' id='par_1_16' title="bbox 449 3609 2539 3840">
     <span class='ocr_line' id='line_1_31' title="bbox 534 3609 2535 3677; baseline -0.001 -14"><span class='ocrx_word' id='word_1_243' title='bbox 534 3612 616 3663; x_wconf 76' lang='lat' dir='ltr'>Cf.</span> <span class='ocrx_word' id='word_1_244' title='bbox 643 3610 663 3645; x_wconf 86' lang='lat'>1</span> <span class='ocrx_word' id='word_1_245' title='bbox 688 3612 875 3663; x_wconf 64' lang='grc' dir='ltr'><strong>δίεπε.</strong></span> <span class='ocrx_word' id='word_1_246' title='bbox 894 3609 1000 3647; x_wconf 76' lang='lat'>—2</span> <span class='ocrx_word' id='word_1_247' title='bbox 1024 3625 1143 3673; x_wconf 91' lang='lat' dir='ltr'>opp.</span> <span class='ocrx_word' id='word_1_248' title='bbox 1179 3610 1534 3674; x_wconf 61' lang='lat' dir='ltr'>impediebat.</span> <span class='ocrx_word' id='word_1_249' title='bbox 1561 3639 1628 3647; x_wconf 92' lang='lat'><em>-</em></span> <span class='ocrx_word' id='word_1_250' title='bbox 1649 3609 1672 3643; x_wconf 79' lang='lat'><strong>⁸</strong></span> <span class='ocrx_word' id='word_1_251' title='bbox 1698 3612 2110 3676; x_wconf 82' lang='lat' dir='ltr'>properandum.</span> <span class='ocrx_word' id='word_1_252' title='bbox 2129 3610 2236 3677; x_wconf 54' lang='lat' dir='ltr'>-ss4</span> <span class='ocrx_word' id='word_1_253' title='bbox 2260 3611 2455 3663; x_wconf 64' lang='lat' dir='ltr'>nonsit.</span> <span class='ocrx_word' id='word_1_254' title='bbox 2473 3640 2535 3649; x_wconf 94' lang='lat'><strong>—</strong></span> 
     </span>
     <span class='ocr_line' id='line_1_32' title="bbox 451 3693 2539 3758; baseline -0.002 -9"><span class='ocrx_word' id='word_1_255' title='bbox 451 3700 473 3734; x_wconf 83' lang='lat'>⁶</span> <span class='ocrx_word' id='word_1_256' title='bbox 494 3697 782 3750; x_wconf 71' lang='lat' dir='ltr'>conloctae.</span> <span class='ocrx_word' id='word_1_257' title='bbox 802 3693 903 3731; x_wconf 82' lang='lat'>—⁶</span> <span class='ocrx_word' id='word_1_258' title='bbox 926 3694 1248 3758; x_wconf 78' lang='lat' dir='ltr'>ignominia.</span> <span class='ocrx_word' id='word_1_259' title='bbox 1265 3722 1332 3731; x_wconf 89' lang='lat'>—</span> <span class='ocrx_word' id='word_1_260' title='bbox 1345 3693 1365 3725; x_wconf 84' lang='lat'>⁷</span> <span class='ocrx_word' id='word_1_261' title='bbox 1388 3695 1691 3758; x_wconf 83' lang='lat' dir='ltr'>turpitiido.</span> <span class='ocrx_word' id='word_1_262' title='bbox 1708 3722 1775 3731; x_wconf 89' lang='lat'>—</span> <span class='ocrx_word' id='word_1_263' title='bbox 1789 3693 1810 3726; x_wconf 79' lang='lat'>⁸</span> <span class='ocrx_word' id='word_1_264' title='bbox 1835 3696 2094 3746; x_wconf 62' lang='lat' dir='ltr'>detracto.</span> <span class='ocrx_word' id='word_1_265' title='bbox 2115 3723 2181 3730; x_wconf 92' lang='lat'><em>-</em></span> <span class='ocrx_word' id='word_1_266' title='bbox 2195 3693 2218 3726; x_wconf 84' lang='lat'><strong>⁹</strong></span> <span class='ocrx_word' id='word_1_267' title='bbox 2241 3694 2539 3745; x_wconf 62' lang='lat' dir='ltr'>metuebat.</span> 
     </span>
     <span class='ocr_line' id='line_1_33' title="bbox 449 3775 2065 3840; baseline -0.003 -8"><span class='ocrx_word' id='word_1_268' title='bbox 449 3777 568 3817; x_wconf 75' lang='lat'>—10</span> <span class='ocrx_word' id='word_1_269' title='bbox 593 3781 829 3832; x_wconf 78' lang='lat' dir='ltr'>tantum.</span> <span class='ocrx_word' id='word_1_270' title='bbox 847 3807 913 3815; x_wconf 89' lang='lat'>—</span> <span class='ocrx_word' id='word_1_271' title='bbox 928 3776 969 3810; x_wconf 89' lang='lat'>¹¹</span> <span class='ocrx_word' id='word_1_272' title='bbox 994 3778 1215 3828; x_wconf 84' lang='lat' dir='ltr'>exserti.</span> <span class='ocrx_word' id='word_1_273' title='bbox 1233 3805 1300 3812; x_wconf 95' lang='lat'><strong>—</strong></span> <span class='ocrx_word' id='word_1_274' title='bbox 1317 3775 1355 3808; x_wconf 76' lang='lat'>¹2</span> <span class='ocrx_word' id='word_1_275' title='bbox 1383 3777 1660 3840; x_wconf 81' lang='lat' dir='ltr'>permotis.</span> <span class='ocrx_word' id='word_1_276' title='bbox 1678 3775 1801 3813; x_wconf 72' lang='lat'>—18</span> <span class='ocrx_word' id='word_1_277' title='bbox 1824 3777 2065 3827; x_wconf 78' lang='lat' dir='ltr'>auxiliis.</span> 
     </span>
    </p>
   </div>
  </div>
 </body>
</html>
