2819 4297
480 305 570 384 48
1226 301 1358 365 The
1404 301 1624 366 Gallie
1675 276 1845 364 War.
2345 310 2577 377 [cmx

486 495 790 567 Rhenum,
859 494 1027 554 milia
1098 512 1393 572 passuum
1467 485 1576 552 ex‘
1614 499 1690 553 eo
1761 491 1899 553 loco
1970 492 2218 554 circiter·
2282 480 2594 570 quinque,-

482 602 909 674 pervenerunt.
1026 593 1124 654 Ibi
1182 603 1476 672 perpauci
1535 603 1641 653 aut
1695 593 1929 653 viribus
1988 590 2259 654 confisi¹
2328 601 2574 652 tranare

482 696 934 756 contenderunt
977 704 1083 755 aut
1127 693 1414 754 lintribus
1434 693 1457 726 ²
1505 694 1770 754 inventis
1817 693 1941 769 sibi
1995 693 2254 753 saltitem
2298 701 2574 771 reppere-

480 805 641 857 runt.
732 799 804 855 In
851 796 949 856 his
998 795 1117 855 fuit
1162 794 1531 867 Ariovistus,
1579 803 1685 871 qui
1730 793 2077 854 naviculam
2121 793 2448 872 deligatam
2493 797 2575 856 ad

417 917 446 971 5
482 907 677 976 ripam
707 906 927 957 nactus
958 905 1033 956 ea
1063 897 1366 974 proffigit3
1416 894 1684 971 reliquos
1725 903 1926 954 omnis
1971 902 2287 954 consecuti
2333 897 2574 973 equites

480 1007 675 1058 nostri
725 997 1180 1058 interfecerunt.
1280 999 1459 1055 Duae
1509 996 1760 1055 fuerunt
1813 995 2105 1056 Ariovisti
2158 1003 2396 1070 uxoreS,
2450 1007 2574 1057 sina

484 1100 686 1158 Sueva
729 1098 998 1172 natione,
1045 1116 1231 1174 quam
1273 1098 1460 1157 domo
1513 1103 1723 1156 secum
1776 1096 2047 1168 duxerat,
2084 1097 2275 1156 altera
2324 1099 2569 1172 Norica,

481 1199 643 1277 regis
699 1198 1033 1259 Voccionis
1092 1217 1280 1272 soror,
1335 1216 1520 1274 quam
1579 1196 1643 1255 in
1701 1196 1905 1256 Gallia
1967 1197 2223 1258 duxerat
2286 1206 2324 1257 a
2385 1199 2573 1258 fratre

480 1300 775 1374 missam;
834 1309 1093 1376 utraque
1150 1297 1211 1356 in
1275 1306 1350 1357 ea
1407 1298 1558 1374 fuga
1615 1297 1811 1376 periit.
1903 1299 2081 1356 Duae
2137 1298 2304 1356 filiae
2355 1298 2572 1358 harum

385 1420 445 1456 10
480 1401 673 1461 altera
718 1409 942 1473 occisa,
985 1400 1177 1459 altera
1227 1408 1412 1476 capta
1464 1408 1575 1458 est.
1667 1398 1864 1458 Gaius
1915 1397 2200 1457 Valerius
2254 1399 2568 1472 ProcilluS,

479 1520 620 1560 cum
662 1510 700 1561 a
744 1496 1152 1560 custodibus⁸
1192 1498 1259 1557 in
1286 1499 1437 1575 fuga
1479 1507 1660 1558 trinis
1706 1495 1986 1557 catenis*
2026 1498 2268 1558 vinctus
2312 1499 2573 1559 trahere-

478 1611 592 1674 tur,
639 1600 699 1658 in
754 1602 956 1678 ipsum
1001 1602 1332 1659 Caesarem
1383 1600 1585 1658 hostis
1635 1598 1910 1675 equitatu
1954 1588 2383 1673 insequentem
2426 1598 2570 1658 inci—

479 1701 585 1760 dit.
676 1701 854 1775 Quae
906 1698 1157 1777 quidem
1210 1706 1308 1757 res
1358 1700 1613 1758 Caesari
1665 1705 1794 1756 non
1845 1696 2144 1756 minorem
2198 1717 2381 1774 quam
2433 1698 2569 1777 ipsa

479 1800 736 1861 victoria
780 1799 1160 1877 voluptatem
1208 1798 1447 1871 adtulit,
1492 1798 1662 1874 quod
1710 1797 2022 1858 hominem
2067 1798 2569 1858 honestissimum

382 1917 443 1971 15
478 1901 831 1979 provinciae
862 1899 1121 1972 Galliae,
1155 1917 1333 1958 suum
1364 1898 1730 1958 familiarem
1760 1908 1822 1957 et
1851 1897 2178 1976 hospitem,
2213 1905 2489 1976 ereptum
2535 1906 2569 1958 e

479 2000 762 2059 manibus
785 2000 1071 2072 hostium,
1100 1998 1219 2059 sibi
1243 1999 1593 2059 restitutum
1615 1998 1903 2071 videbat3
1946 2018 2148 2075 neque
2167 1999 2298 2058 eius
2328 1999 2569 2058 calami·

478 2110 605 2162 tate
652 2101 730 2162 de
781 2108 954 2161 tanta
1000 2100 1319 2178 voluptate
1371 2109 1435 2160 et
1485 2098 1896 2178 gratulatione
1945 2100 2280 2177 quicquam
2328 2100 2570 2160 fortuna

477 2199 908 2263 deminuerat.⁶
993 2203 1059 2260 Is
1100 2208 1167 2260 se
1196 2210 1524 2279 praesente
1554 2200 1633 2260 de
1665 2207 1731 2260 se
1762 2210 1854 2260 ter
1884 2200 2153 2260 sortibus
2171 2198 2194 2233 ⁶
2221 2202 2569 2261 consultum

477 2304 727 2363 dicebat
790 2312 994 2361 utrum
1053 2309 1184 2378 igni
1243 2301 1451 2362 statim
1504 2308 1831 2361 necaretur
1882 2320 1959 2359 an
2007 2301 2068 2358 in
2115 2301 2282 2360 aliud
2326 2311 2570 2378 tempus

379 2427 443 2462 20
477 2410 929 2474 reservaretur3
984 2402 1242 2461 sortium
1284 2401 1591 2461 beneficio
1637 2408 1704 2461 se
1750 2420 1888 2461 esse
1933 2400 2319 2461 incolumem.
2411 2404 2568 2461 Item

480 2506 568 2563 M.
603 2502 835 2561 Metius
865 2511 1144 2579 repertus
1174 2511 1236 2561 et
1267 2502 1348 2561 ad
1377 2521 1520 2561 eum
1548 2502 1842 2561 reductus
1873 2511 1985 2561 est.

568 2669 672 2710 ‘Ibe
697 2669 849 2719 Army
876 2669 1004 2710 Goes
1032 2669 1138 2709 into
1166 2668 1365 2709 winter
1392 2668 1641 2719 Quarters.
1699 2666 1864 2708 Caesar
1890 2667 2017 2708 Goes
2043 2672 2096 2707 to
2125 2667 2304 2708 Hither
2330 2668 2467 2709 Gaul.

560 2815 653 2865 54.
715 2807 860 2865 Hoc
903 2804 1138 2883 proelio
1183 2813 1354 2863 trans
1411 2805 1700 2862 Rhenum
1759 2803 2040 2863 nuntiato
2089 2805 2287 2876 Suevi,
2336 2812 2440 2880 qui
2486 2804 2568 2863 ad
2639 2835 2648 2840 “

476 2916 642 2985 ripas
703 2906 909 2965 Rheni
959 2912 1274 2977 venerant,
1331 2904 1583 2963 domum
1643 2901 1906 2963 reverti⁷
1965 2910 2333 2981 coeperunt3
2408 2910 2565 2980 quos

476 3008 643 3081 Ubii,
706 3014 813 3084 qui
872 3005 1133 3083 proximi
1194 3005 1482 3066 Rhenum
1533 3004 1827 3076 incolunt,
1888 3003 2244 3080 perterritos
2303 3012 2565 3064 insecuti

379 3126 439 3180 ²5
475 3117 765 3186 magnum
809 3126 884 3167 ex
926 3115 1019 3165 eis
1064 3124 1387 3166 numerum
1431 3105 1807 3164 occiderunt.
1898 3106 2132 3163 Caesar
2167 3113 2290 3163 una
2330 3113 2564 3164 aestate

474 3208 720 3269 duobus
779 3206 1062 3266 maximis
1118 3206 1302 3266 bellis
1361 3205 1682 3277 confectis,
1746 3201 2087 3263 maturius⁸
2143 3204 2328 3281 paulo
2379 3224 2565 3281 quam

473 3320 717 3386 tempus
749 3316 896 3367 anni
927 3306 1302 3385 postulabat,
1335 3306 1396 3363 in
1444 3305 1706 3364 hiberna
1749 3304 1811 3362 in
1862 3306 2185 3379 Sequanos
2231 3306 2562 3363 exercitum

474 3405 767 3483 deduxit3
811 3407 1089 3466 hibernis
1121 3406 1465 3465 Labienum
1502 3404 1900 3482 praeposuit3
1950 3403 2084 3480 ipse
2121 3403 2185 3461 in
2220 3403 2565 3464 citeriorem

473 3508 741 3571 Galliam
771 3508 852 3568 ad
881 3517 1223 3567 conventus
1255 3505 1534 3584 agendos
1565 3504 1880 3582 profectus
1911 3514 2023 3563 est.

561 3660 645 3710 Cf.
669 3660 689 3692 ¹
714 3656 1043 3722 confidebat,
1063 3673 1112 3721 p.
1130 3655 1209 3721 36,
1232 3656 1265 3705 l.
1287 3670 1315 3705 2
1324 3653 1482 3721 5.---2
1504 3654 1782 3718 lintribus,
1815 3667 1888 3710 10,
1913 3667 1959 3714 4.
1975 3652 2078 3690 —8
2095 3655 2362 3720 custodes,
2388 3654 2462 3713 18,
2489 3669 2564 3704 11.

469 3743 579 3781 -4
602 3742 844 3807 catenas,
872 3756 951 3803 42,
980 3754 1055 3788 21.
1080 3768 1147 3776 —
1168 3738 1190 3772 ⁵
1212 3740 1513 3805 deminuta,
1546 3737 1621 3796 16,
1652 3751 1725 3802 13.
1749 3764 1818 3772 —
1838 3736 1861 3768 ὅ
1884 3736 2138 3802 sortibus,
2164 3749 2246 3801 45,
2272 3735 2463 3785 20.—⁷
2486 3751 2568 3789 re-

470 3827 632 3892 verti,
659 3839 738 3892 37,
763 3825 837 3874 18.
856 3823 958 3861 —⁸
983 3823 1320 3888 mitfirrimfi,
1348 3837 1428 3887 30,
1459 3836 1533 3886 19.
