<?xml version="1.0" encoding="UTF-8"?>
<!DOCTYPE html PUBLIC "-//W3C//DTD XHTML 1.0 Transitional//EN"
    "http://www.w3.org/TR/xhtml1/DTD/xhtml1-transitional.dtd">
<html xmlns="http://www.w3.org/1999/xhtml" xml:lang="en" lang="en">
 <head>
  <title>
</title>
<meta http-equiv="Content-Type" content="text/html;charset=utf-8" />
  <meta name='ocr-system' content='tesseract 3.04.00' />
  <meta name='ocr-capabilities' content='ocr_page ocr_carea ocr_par ocr_line ocrx_word'/>
</head>
<body>
  <div class='ocr_page' id='page_1' title='image "./caesarsgallicwa02greegoog_0190.png"; bbox 0 0 2819 4297; ppageno 0'>
   <div class='ocr_carea' id='block_1_1' title="bbox 402 260 2495 336">
    <p class='ocr_par' dir='ltr' id='par_1_1' title="bbox 402 260 2495 336">
     <span class='ocr_line' id='line_1_1' title="bbox 402 260 2495 336; baseline -0.003 -9"><span class='ocrx_word' id='word_1_1' title='bbox 402 264 498 327; x_wconf 88' lang='lat'>86·</span> <span class='ocrx_word' id='word_1_2' title='bbox 1144 261 1276 324; x_wconf 82' lang='lat' dir='ltr'>lee</span> <span class='ocrx_word' id='word_1_3' title='bbox 1329 260 1552 323; x_wconf 80' lang='lat' dir='ltr'><em>Gallie</em></span> <span class='ocrx_word' id='word_1_4' title='bbox 1605 261 1773 323; x_wconf 88' lang='lat' dir='ltr'>War.</span> <span class='ocrx_word' id='word_1_5' title='bbox 2266 271 2495 336; x_wconf 78' lang='lat' dir='ltr'>[CAESAR</span> 
     </span>
    </p>
   </div>
   <div class='ocr_carea' id='block_1_2' title="bbox 401 449 2497 558">
    <p class='ocr_par' dir='ltr' id='par_1_2' title="bbox 401 449 2497 558">
     <span class='ocr_line' id='line_1_2' title="bbox 401 449 2497 498; baseline -0.001 -4"><span class='ocrx_word' id='word_1_6' title='bbox 401 453 504 495; x_wconf 84' lang='lat' dir='ltr'>The</span> <span class='ocrx_word' id='word_1_7' title='bbox 537 453 713 495; x_wconf 81' lang='lat' dir='ltr'>Veneti</span> <span class='ocrx_word' id='word_1_8' title='bbox 751 453 1031 496; x_wconf 75' lang='lat' dir='ltr'>Sur-render.</span> <span class='ocrx_word' id='word_1_9' title='bbox 1086 451 1232 491; x_wconf 81' lang='lat' dir='ltr'>Their</span> <span class='ocrx_word' id='word_1_10' title='bbox 1262 451 1477 491; x_wconf 75' lang='lat' dir='ltr'>Leaders</span> <span class='ocrx_word' id='word_1_11' title='bbox 1506 461 1587 490; x_wconf 83' lang='lat' dir='ltr'>are</span> <span class='ocrx_word' id='word_1_12' title='bbox 1624 450 1716 490; x_wconf 82' lang='lat' dir='ltr'>Put</span> <span class='ocrx_word' id='word_1_13' title='bbox 1745 454 1797 490; x_wconf 84' lang='lat' dir='ltr'>to</span> <span class='ocrx_word' id='word_1_14' title='bbox 1827 449 2006 498; x_wconf 71' lang='lat' dir='ltr'>Denth,</span> <span class='ocrx_word' id='word_1_15' title='bbox 2026 450 2110 490; x_wconf 83' lang='lat' dir='ltr'>the</span> <span class='ocrx_word' id='word_1_16' title='bbox 2141 450 2262 491; x_wconf 76' lang='lat' dir='ltr'>Rest</span> <span class='ocrx_word' id='word_1_17' title='bbox 2293 450 2408 492; x_wconf 83' lang='lat' dir='ltr'>Sold</span> <span class='ocrx_word' id='word_1_18' title='bbox 2440 463 2497 492; x_wconf 72' lang='lat' dir='ltr'>ns</span> 
     </span>
     <span class='ocr_line' id='line_1_3' title="bbox 1351 517 1542 558; baseline -0.01 0"><span class='ocrx_word' id='word_1_19' title='bbox 1351 517 1542 558; x_wconf 74' lang='lat' dir='ltr'>slaves.</span> 
     </span>
    </p>
   </div>
   <div class='ocr_carea' id='block_1_3' title="bbox 309 621 2497 1891">
    <p class='ocr_par' dir='ltr' id='par_1_3' title="bbox 399 621 2497 998">
     <span class='ocr_line' id='line_1_4' title="bbox 485 621 2496 698; baseline -0.001 -17"><span class='ocrx_word' id='word_1_20' title='bbox 485 631 576 681; x_wconf 85' lang='lat'>16.</span> <span class='ocrx_word' id='word_1_21' title='bbox 641 623 783 697; x_wconf 81' lang='lat' dir='ltr'>Que</span> <span class='ocrx_word' id='word_1_22' title='bbox 826 621 1058 698; x_wconf 79' lang='lat' dir='ltr'>proelie</span> <span class='ocrx_word' id='word_1_23' title='bbox 1098 622 1325 680; x_wconf 92' lang='lat' dir='ltr'>bellum</span> <span class='ocrx_word' id='word_1_24' title='bbox 1358 621 1741 678; x_wconf 79' lang='lat' dir='ltr'>Veneterum</span> <span class='ocrx_word' id='word_1_25' title='bbox 1791 627 2103 695; x_wconf 79' lang='lat' dir='ltr'>tetiusque</span> <span class='ocrx_word' id='word_1_26' title='bbox 2147 627 2290 679; x_wconf 78' lang='lat' dir='ltr'>erae</span> <span class='ocrx_word' id='word_1_27' title='bbox 2320 621 2496 678; x_wconf 88' lang='lat' dir='ltr'>mari-</span> 
     </span>
     <span class='ocr_line' id='line_1_5' title="bbox 399 720 2496 794; baseline -0.001 -11"><span class='ocrx_word' id='word_1_28' title='bbox 399 725 584 784; x_wconf 85' lang='lat' dir='ltr'><strong>timae</strong></span> <span class='ocrx_word' id='word_1_29' title='bbox 631 724 983 782; x_wconf 80' lang='lat' dir='ltr'>cenfectum</span> <span class='ocrx_word' id='word_1_30' title='bbox 1043 731 1153 780; x_wconf 91' lang='lat' dir='ltr'>est.</span> <span class='ocrx_word' id='word_1_31' title='bbox 1245 724 1407 780; x_wconf 85' lang='lat' dir='ltr'>Nam</span> <span class='ocrx_word' id='word_1_32' title='bbox 1468 739 1607 779; x_wconf 92' lang='lat' dir='ltr'>cum</span> <span class='ocrx_word' id='word_1_33' title='bbox 1665 720 1867 779; x_wconf 89' lang='lat' dir='ltr'>omnis</span> <span class='ocrx_word' id='word_1_34' title='bbox 1930 720 2232 794; x_wconf 73' lang='lat' dir='ltr'>iuventus,</span> <span class='ocrx_word' id='word_1_35' title='bbox 2278 729 2496 781; x_wconf 88' lang='lat' dir='ltr'>omnes</span> 
     </span>
     <span class='ocr_line' id='line_1_6' title="bbox 401 820 2497 901; baseline -0.002 -17"><span class='ocrx_word' id='word_1_36' title='bbox 401 824 586 884; x_wconf 89' lang='lat' dir='ltr'>etiam</span> <span class='ocrx_word' id='word_1_37' title='bbox 626 822 923 901; x_wconf 79' lang='lat' dir='ltr'>gravieris</span> <span class='ocrx_word' id='word_1_38' title='bbox 961 823 1198 894; x_wconf 70' lang='lat' dir='ltr'>aetetiS,</span> <span class='ocrx_word' id='word_1_39' title='bbox 1234 821 1294 879; x_wconf 88' lang='lat' dir='ltr'>in</span> <span class='ocrx_word' id='word_1_40' title='bbox 1350 820 1576 899; x_wconf 91' lang='lat' dir='ltr'>quibus</span> <span class='ocrx_word' id='word_1_41' title='bbox 1625 821 1857 897; x_wconf 91' lang='lat' dir='ltr'>aliquid</span> <span class='ocrx_word' id='word_1_42' title='bbox 1894 820 2115 879; x_wconf 79' lang='lat' dir='ltr'>censili</span> <span class='ocrx_word' id='word_1_43' title='bbox 2155 830 2260 880; x_wconf 92' lang='lat' dir='ltr'>aut</span> <span class='ocrx_word' id='word_1_44' title='bbox 2304 821 2497 898; x_wconf 89' lang='lat' dir='ltr'>digni-</span> 
     </span>
     <span class='ocr_line' id='line_1_7' title="bbox 401 922 2494 998; baseline -0.002 -13"><span class='ocrx_word' id='word_1_45' title='bbox 401 925 544 985; x_wconf 70' lang='lat' dir='ltr'>tetis</span> <span class='ocrx_word' id='word_1_46' title='bbox 574 925 709 997; x_wconf 87' lang='lat' dir='ltr'>fuit,</span> <span class='ocrx_word' id='word_1_47' title='bbox 746 931 820 984; x_wconf 79' lang='lat' dir='ltr'>ee</span> <span class='ocrx_word' id='word_1_48' title='bbox 845 930 1280 995; x_wconf 89' lang='lat' dir='ltr'>convenerant,</span> <span class='ocrx_word' id='word_1_49' title='bbox 1307 932 1436 981; x_wconf 92' lang='lat' dir='ltr'>tum</span> <span class='ocrx_word' id='word_1_50' title='bbox 1470 922 1717 980; x_wconf 64' lang='lat' dir='ltr'>nivium</span> <span class='ocrx_word' id='word_1_51' title='bbox 1750 922 1917 998; x_wconf 92' lang='lat' dir='ltr'>quod</span> <span class='ocrx_word' id='word_1_52' title='bbox 1942 922 2171 998; x_wconf 90' lang='lat' dir='ltr'>ubique</span> <span class='ocrx_word' id='word_1_53' title='bbox 2200 922 2399 981; x_wconf 82' lang='lat' dir='ltr'>fuerat</span> <span class='ocrx_word' id='word_1_54' title='bbox 2431 922 2494 980; x_wconf 90' lang='lat' dir='ltr'>in</span> 
     </span>
    </p>

    <p class='ocr_par' dir='ltr' id='par_1_4' title="bbox 336 1021 2496 1502">
     <span class='ocr_line' id='line_1_8' title="bbox 336 1021 2495 1100; baseline -0.002 -15"><span class='ocrx_word' id='word_1_55' title='bbox 336 1048 361 1099; x_wconf 86' lang='lat'><strong>5</strong></span> <span class='ocrx_word' id='word_1_56' title='bbox 401 1036 588 1085; x_wconf 76' lang='lat' dir='ltr'>finum</span> <span class='ocrx_word' id='word_1_57' title='bbox 627 1025 829 1084; x_wconf 90' lang='lat' dir='ltr'>locum</span> <span class='ocrx_word' id='word_1_58' title='bbox 875 1030 1251 1100; x_wconf 80' lang='lat' dir='ltr'>coegerant3</span> <span class='ocrx_word' id='word_1_59' title='bbox 1300 1022 1526 1099; x_wconf 90' lang='lat' dir='ltr'>quibus</span> <span class='ocrx_word' id='word_1_60' title='bbox 1567 1021 1811 1081; x_wconf 70' lang='lat' dir='ltr'>emissis</span> <span class='ocrx_word' id='word_1_61' title='bbox 1853 1021 2070 1099; x_wconf 85' lang='lat' dir='ltr'>reliqui</span> <span class='ocrx_word' id='word_1_62' title='bbox 2123 1040 2324 1098; x_wconf 89' lang='lat' dir='ltr'>neque</span> <span class='ocrx_word' id='word_1_63' title='bbox 2370 1030 2495 1099; x_wconf 79' lang='lat' dir='ltr'>que</span> 
     </span>
     <span class='ocr_line' id='line_1_9' title="bbox 401 1122 2494 1202; baseline -0.002 -17"><span class='ocrx_word' id='word_1_64' title='bbox 401 1134 466 1186; x_wconf 90' lang='lat' dir='ltr'>se</span> <span class='ocrx_word' id='word_1_65' title='bbox 512 1126 857 1202; x_wconf 84' lang='lat' dir='ltr'>reciperent</span> <span class='ocrx_word' id='word_1_66' title='bbox 903 1143 1103 1201; x_wconf 90' lang='lat' dir='ltr'>neque</span> <span class='ocrx_word' id='word_1_67' title='bbox 1148 1142 1329 1200; x_wconf 88' lang='lat' dir='ltr'>quem</span> <span class='ocrx_word' id='word_1_68' title='bbox 1378 1123 1458 1181; x_wconf 91' lang='lat' dir='ltr'>ad</span> <span class='ocrx_word' id='word_1_69' title='bbox 1519 1123 1767 1181; x_wconf 87' lang='lat' dir='ltr'>modum</span> <span class='ocrx_word' id='word_1_70' title='bbox 1813 1123 2042 1199; x_wconf 88' lang='lat' dir='ltr'>oppida</span> <span class='ocrx_word' id='word_1_71' title='bbox 2088 1122 2494 1182; x_wconf 71' lang='lat' dir='ltr'>defenderent</span> 
     </span>
     <span class='ocr_line' id='line_1_10' title="bbox 400 1222 2490 1301; baseline -0.001 -15"><span class='ocrx_word' id='word_1_72' title='bbox 400 1228 730 1286; x_wconf 75' lang='lat' dir='ltr'>habebant.</span> <span class='ocrx_word' id='word_1_73' title='bbox 822 1227 1042 1301; x_wconf 86' lang='lat' dir='ltr'>Itaque</span> <span class='ocrx_word' id='word_1_74' title='bbox 1098 1231 1164 1283; x_wconf 88' lang='lat' dir='ltr'>se</span> <span class='ocrx_word' id='word_1_75' title='bbox 1225 1243 1462 1300; x_wconf 89' lang='lat' dir='ltr'>suaque</span> <span class='ocrx_word' id='word_1_76' title='bbox 1507 1224 1715 1283; x_wconf 90' lang='lat' dir='ltr'>omnia</span> <span class='ocrx_word' id='word_1_77' title='bbox 1776 1226 2030 1283; x_wconf 85' lang='lat' dir='ltr'>Caesari</span> <span class='ocrx_word' id='word_1_78' title='bbox 2103 1222 2490 1283; x_wconf 90' lang='lat' dir='ltr'>dediderunt.</span> 
     </span>
     <span class='ocr_line' id='line_1_11' title="bbox 403 1322 2494 1404; baseline -0.002 -18"><span class='ocrx_word' id='word_1_79' title='bbox 403 1332 476 1386; x_wconf 91' lang='lat' dir='ltr'>In</span> <span class='ocrx_word' id='word_1_80' title='bbox 510 1334 666 1404; x_wconf 80' lang='lat' dir='ltr'>ques</span> <span class='ocrx_word' id='word_1_81' title='bbox 697 1333 772 1385; x_wconf 80' lang='lat' dir='ltr'>ee</span> <span class='ocrx_word' id='word_1_82' title='bbox 801 1325 1049 1403; x_wconf 88' lang='lat' dir='ltr'>gravius</span> <span class='ocrx_word' id='word_1_83' title='bbox 1083 1327 1315 1384; x_wconf 87' lang='lat' dir='ltr'>Caesar</span> <span class='ocrx_word' id='word_1_84' title='bbox 1346 1324 1786 1383; x_wconf 90' lang='lat' dir='ltr'>vindicandum</span> <span class='ocrx_word' id='word_1_85' title='bbox 1820 1323 2051 1395; x_wconf 88' lang='lat' dir='ltr'>statuit,</span> <span class='ocrx_word' id='word_1_86' title='bbox 2087 1330 2211 1400; x_wconf 78' lang='lat' dir='ltr'>que</span> <span class='ocrx_word' id='word_1_87' title='bbox 2242 1322 2494 1399; x_wconf 88' lang='lat' dir='ltr'>diligen-</span> 
     </span>
     <span class='ocr_line' id='line_1_12' title="bbox 399 1423 2496 1502; baseline -0.003 -15"><span class='ocrx_word' id='word_1_88' title='bbox 399 1429 522 1487; x_wconf 88' lang='lat' dir='ltr'>tius</span> <span class='ocrx_word' id='word_1_89' title='bbox 568 1427 629 1485; x_wconf 90' lang='lat' dir='ltr'>in</span> <span class='ocrx_word' id='word_1_90' title='bbox 676 1424 979 1502; x_wconf 91' lang='lat' dir='ltr'>reliquum</span> <span class='ocrx_word' id='word_1_91' title='bbox 1025 1435 1268 1500; x_wconf 92' lang='lat' dir='ltr'>tempus</span> <span class='ocrx_word' id='word_1_92' title='bbox 1312 1433 1349 1482; x_wconf 74' lang='lat' dir='ltr'>zi</span> <span class='ocrx_word' id='word_1_93' title='bbox 1394 1424 1672 1483; x_wconf 89' lang='lat' dir='ltr'>barbaris</span> <span class='ocrx_word' id='word_1_94' title='bbox 1725 1424 1819 1482; x_wconf 73' lang='lat' dir='ltr'>ius</span> <span class='ocrx_word' id='word_1_95' title='bbox 1870 1423 2212 1500; x_wconf 70' lang='lat' dir='ltr'>legeterum</span> <span class='ocrx_word' id='word_1_96' title='bbox 2256 1430 2496 1482; x_wconf 79' lang='lat' dir='ltr'>censer-</span> 
     </span>
    </p>

    <p class='ocr_par' dir='ltr' id='par_1_5' title="bbox 309 1523 2494 1686">
     <span class='ocr_line' id='line_1_13' title="bbox 309 1523 2494 1602; baseline -0.001 -18"><span class='ocrx_word' id='word_1_97' title='bbox 309 1552 365 1585; x_wconf 89' lang='lat'>10</span> <span class='ocrx_word' id='word_1_98' title='bbox 402 1534 662 1586; x_wconf 69' lang='lat' dir='ltr'>veretur.</span> <span class='ocrx_word' id='word_1_99' title='bbox 755 1529 975 1602; x_wconf 88' lang='lat' dir='ltr'>Itaque</span> <span class='ocrx_word' id='word_1_100' title='bbox 1025 1533 1192 1584; x_wconf 90' lang='lat' dir='ltr'>omni</span> <span class='ocrx_word' id='word_1_101' title='bbox 1238 1533 1459 1583; x_wconf 59' lang='lat' dir='ltr'>senatu</span> <span class='ocrx_word' id='word_1_102' title='bbox 1508 1531 1729 1583; x_wconf 59' lang='lat' dir='ltr'>necate</span> <span class='ocrx_word' id='word_1_103' title='bbox 1773 1523 2043 1600; x_wconf 80' lang='lat' dir='ltr'>reliques</span> <span class='ocrx_word' id='word_1_104' title='bbox 2096 1523 2212 1582; x_wconf 89' lang='lat' dir='ltr'>sub</span> <span class='ocrx_word' id='word_1_105' title='bbox 2263 1530 2494 1584; x_wconf 71' lang='lat' dir='ltr'>corene</span> 
     </span>
     <span class='ocr_line' id='line_1_14' title="bbox 401 1627 701 1686; baseline 0 -1"><span class='ocrx_word' id='word_1_106' title='bbox 401 1627 701 1686; x_wconf 88' lang='lat' dir='ltr'>vendidit.</span> 
     </span>
    </p>

    <p class='ocr_par' dir='ltr' id='par_1_6' title="bbox 404 1772 2490 1891">
     <span class='ocr_line' id='line_1_15' title="bbox 404 1772 2490 1825; baseline -0.001 -9"><span class='ocrx_word' id='word_1_107' title='bbox 404 1775 703 1817; x_wconf 76' lang='lat' dir='ltr'>Meanwhile</span> <span class='ocrx_word' id='word_1_108' title='bbox 732 1775 941 1816; x_wconf 83' lang='lat' dir='ltr'>Sabinus</span> <span class='ocrx_word' id='word_1_109' title='bbox 978 1775 1105 1815; x_wconf 83' lang='lat' dir='ltr'>Goes</span> <span class='ocrx_word' id='word_1_110' title='bbox 1134 1786 1317 1825; x_wconf 75' lang='lat' dir='ltr'>among</span> <span class='ocrx_word' id='word_1_111' title='bbox 1350 1775 1436 1814; x_wconf 83' lang='lat' dir='ltr'>the</span> <span class='ocrx_word' id='word_1_112' title='bbox 1475 1774 1680 1821; x_wconf 86' lang='lat' dir='ltr'>Venelli,</span> <span class='ocrx_word' id='word_1_113' title='bbox 1711 1774 1805 1814; x_wconf 83' lang='lat' dir='ltr'>and</span> <span class='ocrx_word' id='word_1_114' title='bbox 1835 1773 1878 1813; x_wconf 74' lang='lat' dir='ltr'>is</span> <span class='ocrx_word' id='word_1_115' title='bbox 1907 1773 2207 1824; x_wconf 69' lang='lat' dir='ltr'>challenged</span> <span class='ocrx_word' id='word_1_116' title='bbox 2241 1774 2306 1823; x_wconf 78' lang='lat' dir='ltr'>by</span> <span class='ocrx_word' id='word_1_117' title='bbox 2337 1772 2490 1814; x_wconf 82' lang='lat' dir='ltr'>them.</span> 
     </span>
     <span class='ocr_line' id='line_1_16' title="bbox 1068 1840 1827 1891; baseline 0 -11"><span class='ocrx_word' id='word_1_118' title='bbox 1068 1841 1145 1881; x_wconf 85' lang='lat' dir='ltr'>He</span> <span class='ocrx_word' id='word_1_119' title='bbox 1171 1841 1357 1881; x_wconf 77' lang='lat' dir='ltr'>Avoids</span> <span class='ocrx_word' id='word_1_120' title='bbox 1378 1852 1440 1880; x_wconf 79' lang='lat' dir='ltr'>an</span> <span class='ocrx_word' id='word_1_121' title='bbox 1472 1840 1827 1891; x_wconf 81' lang='lat' dir='ltr'>Engagement.</span> 
     </span>
    </p>
   </div>
   <div class='ocr_carea' id='block_1_4' title="bbox 300 1942 2497 3715">
    <p class='ocr_par' dir='ltr' id='par_1_7' title="bbox 401 1942 2493 2226">
     <span class='ocr_line' id='line_1_17' title="bbox 486 1942 2492 2019; baseline -0.001 -17"><span class='ocrx_word' id='word_1_122' title='bbox 486 1954 580 2002; x_wconf 86' lang='lat'>17.</span> <span class='ocrx_word' id='word_1_123' title='bbox 643 1947 807 2003; x_wconf 88' lang='lat' dir='ltr'>Dum</span> <span class='ocrx_word' id='word_1_124' title='bbox 852 1944 1007 2003; x_wconf 86' lang='lat' dir='ltr'>haec</span> <span class='ocrx_word' id='word_1_125' title='bbox 1049 1944 1107 2001; x_wconf 91' lang='lat' dir='ltr'>in</span> <span class='ocrx_word' id='word_1_126' title='bbox 1153 1945 1413 2001; x_wconf 90' lang='lat' dir='ltr'>Venetis</span> <span class='ocrx_word' id='word_1_127' title='bbox 1461 1952 1771 2019; x_wconf 85' lang='lat' dir='ltr'>geruntur,</span> <span class='ocrx_word' id='word_1_128' title='bbox 1809 1942 1885 2015; x_wconf 88' lang='lat' dir='ltr'>Q.</span> <span class='ocrx_word' id='word_1_129' title='bbox 1919 1942 2194 2001; x_wconf 77' lang='lat' dir='ltr'>Titfirius</span> <span class='ocrx_word' id='word_1_130' title='bbox 2228 1943 2492 2001; x_wconf 90' lang='lat' dir='ltr'>Sabinus</span> 
     </span>
     <span class='ocr_line' id='line_1_18' title="bbox 401 2043 2491 2121; baseline -0.003 -15"><span class='ocrx_word' id='word_1_131' title='bbox 401 2066 540 2106; x_wconf 89' lang='lat' dir='ltr'>curn</span> <span class='ocrx_word' id='word_1_132' title='bbox 571 2055 660 2105; x_wconf 90' lang='lat' dir='ltr'>eis</span> <span class='ocrx_word' id='word_1_133' title='bbox 693 2045 888 2121; x_wconf 80' lang='lat' dir='ltr'>cepiis</span> <span class='ocrx_word' id='word_1_134' title='bbox 921 2054 1073 2121; x_wconf 69' lang='lat' dir='ltr'>ques</span> <span class='ocrx_word' id='word_1_135' title='bbox 1105 2052 1142 2103; x_wconf 76' lang='grc' dir='ltr'>Ξι</span> <span class='ocrx_word' id='word_1_136' title='bbox 1175 2046 1445 2104; x_wconf 91' lang='lat' dir='ltr'>Caesare</span> <span class='ocrx_word' id='word_1_137' title='bbox 1478 2050 1800 2119; x_wconf 86' lang='lat' dir='ltr'>acceperat</span> <span class='ocrx_word' id='word_1_138' title='bbox 1824 2043 1884 2101; x_wconf 91' lang='lat' dir='ltr'>in</span> <span class='ocrx_word' id='word_1_139' title='bbox 1917 2043 2066 2101; x_wconf 87' lang='lat' dir='ltr'>finis</span> <span class='ocrx_word' id='word_1_140' title='bbox 2097 2043 2491 2102; x_wconf 79' lang='lat' dir='ltr'>Venellerum</span> 
     </span>
     <span class='ocr_line' id='line_1_19' title="bbox 401 2142 2493 2226; baseline -0.003 -18"><span class='ocrx_word' id='word_1_141' title='bbox 401 2147 699 2226; x_wconf 89' lang='lat' dir='ltr'>pervenit.</span> <span class='ocrx_word' id='word_1_142' title='bbox 792 2148 913 2205; x_wconf 89' lang='lat' dir='ltr'>His</span> <span class='ocrx_word' id='word_1_143' title='bbox 944 2155 1225 2223; x_wconf 89' lang='lat' dir='ltr'>praeerat</span> <span class='ocrx_word' id='word_1_144' title='bbox 1269 2143 1591 2204; x_wconf 87' lang='lat' dir='ltr'>Viridovix</span> <span class='ocrx_word' id='word_1_145' title='bbox 1634 2163 1707 2202; x_wconf 90' lang='lat' dir='ltr'>ac</span> <span class='ocrx_word' id='word_1_146' title='bbox 1740 2163 2037 2202; x_wconf 86' lang='lat' dir='ltr'>summam</span> <span class='ocrx_word' id='word_1_147' title='bbox 2083 2142 2299 2220; x_wconf 88' lang='lat' dir='ltr'>imperi</span> <span class='ocrx_word' id='word_1_148' title='bbox 2330 2152 2493 2203; x_wconf 90' lang='lat' dir='ltr'>tene-</span> 
     </span>
    </p>

    <p class='ocr_par' dir='ltr' id='par_1_8' title="bbox 300 2242 2497 3715">
     <span class='ocr_line' id='line_1_20' title="bbox 306 2242 2494 2322; baseline -0 -17"><span class='ocrx_word' id='word_1_149' title='bbox 306 2272 364 2322; x_wconf 86' lang='lat'>¹5</span> <span class='ocrx_word' id='word_1_150' title='bbox 399 2251 508 2308; x_wconf 92' lang='lat' dir='ltr'>bat</span> <span class='ocrx_word' id='word_1_151' title='bbox 553 2258 760 2309; x_wconf 58' lang='lat' dir='ltr'>earum</span> <span class='ocrx_word' id='word_1_152' title='bbox 806 2248 1078 2306; x_wconf 90' lang='lat' dir='ltr'>omnium</span> <span class='ocrx_word' id='word_1_153' title='bbox 1125 2246 1441 2305; x_wconf 59' lang='lat' dir='ltr'>civitatum</span> <span class='ocrx_word' id='word_1_154' title='bbox 1487 2264 1646 2322; x_wconf 92' lang='lat' dir='ltr'>quae</span> <span class='ocrx_word' id='word_1_155' title='bbox 1692 2242 2091 2316; x_wconf 80' lang='lat' dir='ltr'>defecerant,1</span> <span class='ocrx_word' id='word_1_156' title='bbox 2136 2263 2212 2302; x_wconf 88' lang='lat' dir='ltr'>ex</span> <span class='ocrx_word' id='word_1_157' title='bbox 2271 2244 2494 2321; x_wconf 91' lang='lat' dir='ltr'>quibus</span> 
     </span>
     <span class='ocr_line' id='line_1_21' title="bbox 401 2345 2497 2425; baseline -0.001 -17"><span class='ocrx_word' id='word_1_158' title='bbox 401 2349 734 2409; x_wconf 86' lang='lat' dir='ltr'>exercitum</span> <span class='ocrx_word' id='word_1_159' title='bbox 778 2355 1160 2425; x_wconf 57' lang='lat' dir='ltr'>magnasque</span> <span class='ocrx_word' id='word_1_160' title='bbox 1236 2346 1449 2422; x_wconf 70' lang='lat' dir='ltr'>cepies</span> <span class='ocrx_word' id='word_1_161' title='bbox 1510 2353 1833 2422; x_wconf 82' lang='lat' dir='ltr'>coegerat3</span> <span class='ocrx_word' id='word_1_162' title='bbox 1894 2355 2080 2422; x_wconf 88' lang='lat' dir='ltr'>atque</span> <span class='ocrx_word' id='word_1_163' title='bbox 2123 2345 2223 2403; x_wconf 89' lang='lat' dir='ltr'>his</span> <span class='ocrx_word' id='word_1_164' title='bbox 2281 2354 2497 2421; x_wconf 86' lang='lat' dir='ltr'>paucis</span> 
     </span>
     <span class='ocr_line' id='line_1_22' title="bbox 401 2445 2497 2522; baseline -0.002 -13"><span class='ocrx_word' id='word_1_165' title='bbox 401 2450 622 2509; x_wconf 91' lang='lat' dir='ltr'>diebus</span> <span class='ocrx_word' id='word_1_166' title='bbox 670 2448 938 2520; x_wconf 90' lang='lat' dir='ltr'>Aulerci,</span> <span class='ocrx_word' id='word_1_167' title='bbox 990 2448 1390 2519; x_wconf 90' lang='lat' dir='ltr'>Eburovices,</span> <span class='ocrx_word' id='word_1_168' title='bbox 1441 2446 1821 2522; x_wconf 89' lang='lat' dir='ltr'>Lexoviique</span> <span class='ocrx_word' id='word_1_169' title='bbox 1884 2455 2102 2505; x_wconf 73' lang='lat' dir='ltr'>senatu</span> <span class='ocrx_word' id='word_1_170' title='bbox 2161 2453 2274 2506; x_wconf 79' lang='lat' dir='ltr'>sue</span> <span class='ocrx_word' id='word_1_171' title='bbox 2318 2445 2497 2505; x_wconf 89' lang='lat' dir='ltr'>inter-</span> 
     </span>
     <span class='ocr_line' id='line_1_23' title="bbox 400 2546 2492 2625; baseline -0.001 -19"><span class='ocrx_word' id='word_1_172' title='bbox 400 2551 584 2621; x_wconf 80' lang='lat' dir='ltr'>fecte,</span> <span class='ocrx_word' id='word_1_173' title='bbox 619 2548 787 2625; x_wconf 92' lang='lat' dir='ltr'>quod</span> <span class='ocrx_word' id='word_1_174' title='bbox 833 2555 1115 2607; x_wconf 79' lang='lat' dir='ltr'>aucteres</span> <span class='ocrx_word' id='word_1_175' title='bbox 1160 2546 1308 2605; x_wconf 92' lang='lat' dir='ltr'>belli</span> <span class='ocrx_word' id='word_1_176' title='bbox 1355 2566 1495 2606; x_wconf 89' lang='lat' dir='ltr'>esse</span> <span class='ocrx_word' id='word_1_177' title='bbox 1540 2546 1850 2619; x_wconf 79' lang='lat' dir='ltr'>nelebant,</span> <span class='ocrx_word' id='word_1_178' title='bbox 1885 2555 2095 2623; x_wconf 67' lang='lat' dir='ltr'>portes</span> <span class='ocrx_word' id='word_1_179' title='bbox 2141 2547 2492 2606; x_wconf 84' lang='lat' dir='ltr'>clauserunt</span> 
     </span>
     <span class='ocr_line' id='line_1_24' title="bbox 401 2647 2495 2726; baseline -0.001 -17"><span class='ocrx_word' id='word_1_180' title='bbox 401 2658 590 2726; x_wconf 90' lang='lat' dir='ltr'>seque</span> <span class='ocrx_word' id='word_1_181' title='bbox 635 2669 775 2708; x_wconf 92' lang='lat' dir='ltr'>cum</span> <span class='ocrx_word' id='word_1_182' title='bbox 834 2648 1187 2707; x_wconf 90' lang='lat' dir='ltr'>Viridovice</span> <span class='ocrx_word' id='word_1_183' title='bbox 1226 2647 1729 2718; x_wconf 36' lang='lat' dir='ltr'>‘coniflnxerunt3</span> <span class='ocrx_word' id='word_1_184' title='bbox 1775 2656 2124 2725; x_wconf 56' lang='lat' dir='ltr'>magnaque</span> <span class='ocrx_word' id='word_1_185' title='bbox 2177 2655 2495 2724; x_wconf 58' lang='lat' dir='ltr'>praetere-{t</span> 
     </span>
     <span class='ocr_line' id='line_1_25' title="bbox 303 2747 2496 2825; baseline 0 -19"><span class='ocrx_word' id='word_1_186' title='bbox 303 2773 363 2807; x_wconf 88' lang='lat'>20</span> <span class='ocrx_word' id='word_1_187' title='bbox 401 2750 727 2809; x_wconf 77' lang='lat' dir='ltr'>multitfide</span> <span class='ocrx_word' id='word_1_188' title='bbox 788 2748 1062 2825; x_wconf 89' lang='lat' dir='ltr'>undique</span> <span class='ocrx_word' id='word_1_189' title='bbox 1122 2768 1197 2807; x_wconf 87' lang='lat' dir='ltr'>ex</span> <span class='ocrx_word' id='word_1_190' title='bbox 1245 2747 1451 2806; x_wconf 66' lang='lat' dir='ltr'>Gallia</span> <span class='ocrx_word' id='word_1_191' title='bbox 1508 2747 1887 2823; x_wconf 79' lang='lat' dir='ltr'>perditorum</span> <span class='ocrx_word' id='word_1_192' title='bbox 1945 2747 2261 2807; x_wconf 90' lang='lat' dir='ltr'>hominum</span> <span class='ocrx_word' id='word_1_193' title='bbox 2321 2749 2496 2808; x_wconf 77' lang='lat' dir='ltr'>latre-</span> 
     </span>
     <span class='ocr_line' id='line_1_26' title="bbox 399 2849 2495 2927; baseline -0 -18"><span class='ocrx_word' id='word_1_194' title='bbox 399 2870 669 2927; x_wconf 91' lang='lat' dir='ltr'>numque</span> <span class='ocrx_word' id='word_1_195' title='bbox 715 2856 1104 2922; x_wconf 90' lang='lat' dir='ltr'>convenerat,</span> <span class='ocrx_word' id='word_1_196' title='bbox 1158 2859 1215 2909; x_wconf 84' lang='lat' dir='ltr'>et</span> <span class='ocrx_word' id='word_1_197' title='bbox 1281 2856 1439 2925; x_wconf 78' lang='lat' dir='ltr'>ques</span> <span class='ocrx_word' id='word_1_198' title='bbox 1499 2856 1642 2924; x_wconf 89' lang='lat' dir='ltr'>spes</span> <span class='ocrx_word' id='word_1_199' title='bbox 1701 2849 2041 2924; x_wconf 87' lang='lat' dir='ltr'>praedandi</span> <span class='ocrx_word' id='word_1_200' title='bbox 2101 2849 2495 2926; x_wconf 89' lang='lat' dir='ltr'>studiumque</span> 
     </span>
     <span class='ocr_line' id='line_1_27' title="bbox 401 2945 2493 3027; baseline -0.001 -16"><span class='ocrx_word' id='word_1_201' title='bbox 401 2951 672 3011; x_wconf 90' lang='lat' dir='ltr'>bellandi</span> <span class='ocrx_word' id='word_1_202' title='bbox 734 2951 811 3009; x_wconf 90' lang='lat' dir='ltr'>ab</span> <span class='ocrx_word' id='word_1_203' title='bbox 886 2950 1255 3027; x_wconf 71' lang='lat' dir='ltr'>agricultura</span> <span class='ocrx_word' id='word_1_204' title='bbox 1313 2958 1375 3007; x_wconf 91' lang='lat' dir='ltr'>et</span> <span class='ocrx_word' id='word_1_205' title='bbox 1448 2945 1795 3008; x_wconf 69' lang='lat' dir='ltr'>cotidien6²</span> <span class='ocrx_word' id='word_1_206' title='bbox 1867 2949 2072 3007; x_wconf 80' lang='lat' dir='ltr'>labere</span> <span class='ocrx_word' id='word_1_207' title='bbox 2147 2951 2493 3008; x_wconf 61' lang='lat' dir='ltr'>revocabat.</span> 
     </span>
     <span class='ocr_line' id='line_1_28' title="bbox 403 3050 2492 3123; baseline -0.001 -12"><span class='ocrx_word' id='word_1_208' title='bbox 403 3053 670 3111; x_wconf 90' lang='lat' dir='ltr'>Sabinus</span> <span class='ocrx_word' id='word_1_209' title='bbox 722 3051 949 3111; x_wconf 79' lang='lat' dir='ltr'>idenee</span> <span class='ocrx_word' id='word_1_210' title='bbox 1002 3051 1290 3110; x_wconf 88' lang='lat' dir='ltr'>omnibus</span> <span class='ocrx_word' id='word_1_211' title='bbox 1337 3050 1523 3108; x_wconf 91' lang='lat' dir='ltr'>rebus</span> <span class='ocrx_word' id='word_1_212' title='bbox 1576 3050 1713 3109; x_wconf 79' lang='lat' dir='ltr'>loce</span> <span class='ocrx_word' id='word_1_213' title='bbox 1765 3059 1982 3108; x_wconf 88' lang='lat' dir='ltr'>castris</span> <span class='ocrx_word' id='word_1_214' title='bbox 2032 3057 2168 3108; x_wconf 89' lang='lat' dir='ltr'>sese</span> <span class='ocrx_word' id='word_1_215' title='bbox 2220 3050 2492 3123; x_wconf 88' lang='lat' dir='ltr'>tenebat,</span> 
     </span>
     <span class='ocr_line' id='line_1_29' title="bbox 399 3150 2496 3226; baseline -0.001 -14"><span class='ocrx_word' id='word_1_216' title='bbox 399 3172 535 3212; x_wconf 91' lang='lat' dir='ltr'>cum</span> <span class='ocrx_word' id='word_1_217' title='bbox 561 3152 884 3212; x_wconf 87' lang='lat' dir='ltr'>Viridovix</span> <span class='ocrx_word' id='word_1_218' title='bbox 909 3160 1122 3211; x_wconf 76' lang='lat' dir='ltr'>contra</span> <span class='ocrx_word' id='word_1_219' title='bbox 1155 3170 1293 3210; x_wconf 88' lang='lat' dir='ltr'>eum</span> <span class='ocrx_word' id='word_1_220' title='bbox 1329 3151 1587 3210; x_wconf 79' lang='lat' dir='ltr'>duerum</span> <span class='ocrx_word' id='word_1_221' title='bbox 1620 3150 1851 3208; x_wconf 90' lang='lat' dir='ltr'>milium</span> <span class='ocrx_word' id='word_1_222' title='bbox 1883 3151 2084 3226; x_wconf 79' lang='lat' dir='ltr'>spatie</span> <span class='ocrx_word' id='word_1_223' title='bbox 2108 3150 2496 3210; x_wconf 78' lang='lat' dir='ltr'>censedisset</span> 
     </span>
     <span class='ocr_line' id='line_1_30' title="bbox 300 3252 2497 3330; baseline 0 -22"><span class='ocrx_word' id='word_1_224' title='bbox 300 3272 361 3326; x_wconf 83' lang='lat'>²5</span> <span class='ocrx_word' id='word_1_225' title='bbox 399 3252 751 3329; x_wconf 76' lang='lat' dir='ltr'>cotidieque</span> <span class='ocrx_word' id='word_1_226' title='bbox 785 3253 1104 3330; x_wconf 78' lang='lat' dir='ltr'>preductis</span> <span class='ocrx_word' id='word_1_227' title='bbox 1136 3253 1333 3328; x_wconf 81' lang='lat' dir='ltr'>cepiis</span> <span class='ocrx_word' id='word_1_228' title='bbox 1376 3252 1696 3330; x_wconf 75' lang='lat' dir='ltr'>pfignandi</span> <span class='ocrx_word' id='word_1_229' title='bbox 1736 3259 2105 3327; x_wconf 61' lang='lat' dir='ltr'>potestatem</span> <span class='ocrx_word' id='word_1_230' title='bbox 2145 3252 2393 3324; x_wconf 80' lang='lat' dir='ltr'>faceret,</span> <span class='ocrx_word' id='word_1_231' title='bbox 2427 3259 2497 3308; x_wconf 92' lang='lat' dir='ltr'>ut</span> 
     </span>
     <span class='ocr_line' id='line_1_31' title="bbox 399 3351 2494 3427; baseline -0.001 -15"><span class='ocrx_word' id='word_1_232' title='bbox 399 3354 520 3412; x_wconf 89' lang='lat' dir='ltr'>iam</span> <span class='ocrx_word' id='word_1_233' title='bbox 551 3362 677 3412; x_wconf 81' lang='lat' dir='ltr'>nen</span> <span class='ocrx_word' id='word_1_234' title='bbox 711 3354 911 3412; x_wconf 79' lang='lat' dir='ltr'>selum</span> <span class='ocrx_word' id='word_1_235' title='bbox 943 3353 1227 3411; x_wconf 89' lang='lat' dir='ltr'>hostibus</span> <span class='ocrx_word' id='word_1_236' title='bbox 1258 3352 1320 3410; x_wconf 91' lang='lat' dir='ltr'>in</span> <span class='ocrx_word' id='word_1_237' title='bbox 1360 3351 1887 3427; x_wconf 79' lang='lat' dir='ltr'>contemptienem</span> <span class='ocrx_word' id='word_1_238' title='bbox 1932 3351 2196 3410; x_wconf 89' lang='lat' dir='ltr'>Sabinus</span> <span class='ocrx_word' id='word_1_239' title='bbox 2256 3359 2494 3410; x_wconf 90' lang='lat' dir='ltr'>veniret</span> 
     </span>
     <span class='ocr_line' id='line_1_32' title="bbox 399 3451 2492 3528; baseline -0.002 -14"><span class='ocrx_word' id='word_1_240' title='bbox 399 3455 510 3514; x_wconf 92' lang='lat' dir='ltr'>sed</span> <span class='ocrx_word' id='word_1_241' title='bbox 542 3453 727 3513; x_wconf 86' lang='lat' dir='ltr'>etiam</span> <span class='ocrx_word' id='word_1_242' title='bbox 773 3461 1121 3512; x_wconf 79' lang='lat' dir='ltr'>nostrerum</span> <span class='ocrx_word' id='word_1_243' title='bbox 1164 3453 1426 3510; x_wconf 88' lang='lat' dir='ltr'>rnilitum</span> <span class='ocrx_word' id='word_1_244' title='bbox 1458 3451 1716 3510; x_wconf 79' lang='lat' dir='ltr'>vecibus</span> <span class='ocrx_word' id='word_1_245' title='bbox 1763 3460 1888 3511; x_wconf 79' lang='lat' dir='ltr'>nen</span> <span class='ocrx_word' id='word_1_246' title='bbox 1928 3451 2079 3508; x_wconf 88' lang='lat' dir='ltr'>nihil</span> <span class='ocrx_word' id='word_1_247' title='bbox 2112 3458 2492 3528; x_wconf 82' lang='lat' dir='ltr'>carperetur3</span> 
     </span>
     <span class='ocr_line' id='line_1_33' title="bbox 397 3536 2494 3631; baseline -0.002 -17"><span class='ocrx_word' id='word_1_248' title='bbox 397 3536 758 3631; x_wconf 76' lang='lat' dir='ltr'>tantamque</span> <span class='ocrx_word' id='word_1_249' title='bbox 790 3555 1146 3630; x_wconf 78' lang='lat' dir='ltr'>opinienem</span> <span class='ocrx_word' id='word_1_250' title='bbox 1172 3553 1408 3613; x_wconf 79' lang='lat' dir='ltr'>timeris</span> <span class='ocrx_word' id='word_1_251' title='bbox 1440 3553 1724 3629; x_wconf 89' lang='lat' dir='ltr'>praebuit</span> <span class='ocrx_word' id='word_1_252' title='bbox 1756 3562 1821 3622; x_wconf 80' lang='lat' dir='ltr'>ut</span> <span class='ocrx_word' id='word_1_253' title='bbox 1853 3551 1970 3609; x_wconf 86' lang='lat' dir='ltr'>iam</span> <span class='ocrx_word' id='word_1_254' title='bbox 2006 3552 2085 3610; x_wconf 86' lang='lat' dir='ltr'>ad</span> <span class='ocrx_word' id='word_1_255' title='bbox 2109 3552 2336 3610; x_wconf 67' lang='lat' dir='ltr'>vellum</span> <span class='ocrx_word' id='word_1_256' title='bbox 2366 3570 2494 3609; x_wconf 89' lang='lat' dir='ltr'>cas-</span> 
     </span>
     <span class='ocr_line' id='line_1_34' title="bbox 396 3650 2494 3715; baseline -0.002 0"><span class='ocrx_word' id='word_1_257' title='bbox 396 3664 628 3715; x_wconf 81' lang='lat' dir='ltr'>trerum</span> <span class='ocrx_word' id='word_1_258' title='bbox 668 3656 880 3715; x_wconf 85' lang='lat' dir='ltr'>hostes</span> <span class='ocrx_word' id='word_1_259' title='bbox 917 3656 1211 3714; x_wconf 89' lang='lat' dir='ltr'>accedere</span> <span class='ocrx_word' id='word_1_260' title='bbox 1251 3653 1567 3712; x_wconf 89' lang='lat' dir='ltr'>auderent.</span> <span class='ocrx_word' id='word_1_261' title='bbox 1598 3657 1603 3661; x_wconf 83' lang='grc'><strong>’</strong></span> <span class='ocrx_word' id='word_1_262' title='bbox 1664 3654 1737 3711; x_wconf 93' lang='lat' dir='ltr'>Id</span> <span class='ocrx_word' id='word_1_263' title='bbox 1778 3661 1851 3711; x_wconf 63' lang='lat' dir='ltr'>ee</span> <span class='ocrx_word' id='word_1_264' title='bbox 1889 3654 1965 3711; x_wconf 91' lang='lat' dir='ltr'>de</span> <span class='ocrx_word' id='word_1_265' title='bbox 2003 3660 2189 3710; x_wconf 69' lang='lat' dir='ltr'>cause</span> <span class='ocrx_word' id='word_1_266' title='bbox 2222 3650 2494 3710; x_wconf 86' lang='lat' dir='ltr'>faciebat</span> 
     </span>
    </p>
   </div>
   <div class='ocr_carea' id='block_1_5' title="bbox 765 3783 2128 3857">
    <p class='ocr_par' dir='ltr' id='par_1_9' title="bbox 765 3783 2128 3857">
     <span class='ocr_line' id='line_1_35' title="bbox 765 3783 2128 3857; baseline -0.007 -15"><span class='ocrx_word' id='word_1_267' title='bbox 765 3788 848 3842; x_wconf 83' lang='lat' dir='ltr'>Cf.</span> <span class='ocrx_word' id='word_1_268' title='bbox 873 3786 893 3822; x_wconf 86' lang='lat'>¹</span> <span class='ocrx_word' id='word_1_269' title='bbox 918 3786 1200 3855; x_wconf 78' lang='lat' dir='ltr'>defecisse,</span> <span class='ocrx_word' id='word_1_270' title='bbox 1225 3803 1276 3854; x_wconf 89' lang='lat' dir='ltr'>p.</span> <span class='ocrx_word' id='word_1_271' title='bbox 1306 3800 1381 3857; x_wconf 82' lang='lat'>59,</span> <span class='ocrx_word' id='word_1_272' title='bbox 1407 3785 1440 3834; x_wconf 92' lang='lat'>1.</span> <span class='ocrx_word' id='word_1_273' title='bbox 1467 3783 1633 3834; x_wconf 78' lang='lat'>6-—2</span> <span class='ocrx_word' id='word_1_274' title='bbox 1648 3784 1959 3851; x_wconf 69' lang='lat' dir='ltr'>cotidianis,</span> <span class='ocrx_word' id='word_1_275' title='bbox 1989 3797 2064 3848; x_wconf 89' lang='lat'>17,</span> <span class='ocrx_word' id='word_1_276' title='bbox 2082 3784 2128 3834; x_wconf 90' lang='lat'>8.</span> 
     </span>
    </p>
   </div>
  </div>
 </body>
</html>
