2819 4297
288 275 343 323 Β.
364 276 429 323 G.
452 278 576 325 Vll.
602 278 703 344 55]
737 269 1058 355 Uprz'sing
1083 274 1166 354 qs
1192 272 1376 336 Gaul
1403 275 1620 374 under
1656 275 2145 360 Vercingetorix.
2249 296 2331 341 22
2340 296 2376 360 3

291 453 585 517 humilis¹
629 460 992 537 accepisset,
1039 465 1394 541 compulsos
1432 464 1497 524 in
1541 466 1788 543 oppida,
1823 464 2157 528 multatos²
2196 478 2376 547 agris,

283 557 576 617 omnibus
605 566 835 636 <ereptis
863 562 1078 639 copiis,
1113 563 1408 641 imposito
1441 566 1771 643 stipendio,
1794 569 2118 628 obsidibus
2142 578 2381 629 summa

282 675 423 715 cum
454 660 828 719 contumelia
857 672 1149 736 extortis3
1197 674 1259 724 et
1287 683 1474 740 quam
1518 666 1581 725 in
1626 667 1935 727 fortonam
1978 688 2284 746 quamque
2315 669 2378 728 in

282 757 753 834 amplitfldinem
798 761 1089 836 duxisset,
1122 773 1190 823 ut
1233 771 1359 824 non
1405 767 1605 825 solum
1639 766 1702 826 in
1747 767 2117 845 pristinum⁸
2150 779 2378 829 statum

280 857 604 931 redissent,
668 861 779 919 sed
843 863 1116 922 omnium
1174 874 1521 941 temporum
1581 867 1945 945 dignitatem
2003 880 2066 930 et
2119 870 2376 948 gratiam

282 958 740 1019 antecessisse⁴
809 960 1179 1023 viderentur.
1309 965 1432 1025 His
1503 966 1666 1027 datis
1738 970 2046 1029 mandatis
2117 978 2226 1030 eos
2299 972 2376 1031 ab

281 1066 349 1118 so
394 1059 647 1119 dimisit.

338 1236 638 1287 Eporedorix
669 1240 764 1279 and
792 1240 1134 1283 Viridomarus
1163 1243 1261 1283 xm
1289 1244 1376 1284 the
1405 1245 1597 1285 Roman
1627 1244 1859 1286 Garrison
1888 1249 1940 1286 at
1966 1245 2330 1295 Noviodunum,

556 1305 690 1346 Seite
719 1307 814 1346 and
842 1306 1052 1357 Destroy
1083 1308 1293 1350 (ἔκηε-ἰ
1323 1311 1509 1358 stores,
1540 1310 1637 1351 and
1665 1310 1797 1351 Burn
1823 1311 1910 1351 the
1936 1311 2108 1352 Town.

365 1456 462 1505 55.
525 1448 959 1507 Noviodunum
1006 1457 1136 1506 erat
1180 1447 1479 1524 oppidum
1527 1448 1930 1508 Haeduorum
1975 1448 2055 1507 ad
2085 1457 2251 1526 ripas
2282 1448 2376 1508 Li-

279 1550 446 1625 geris
478 1556 826 1626 opportuno
856 1549 994 1607 loco
1038 1548 1324 1624 positum.
1420 1549 1563 1608 Huc
1609 1550 1841 1609 Caesar
1878 1557 2080 1609 omnis
2124 1548 2375 1609 obsidos

281 1648 541 1720 Galliae,
574 1649 962 1720 framentum,
993 1648 1318 1724 pecliniam
1354 1648 1684 1725 publicam,
1718 1656 1967 1708 suorum
1999 1659 2184 1725 atque
2214 1668 2377 1709 exer·

282 1748 442 1808 citos
501 1748 1076 1825 impedimentorum
1152 1756 1441 1825 magnam
1514 1759 1749 1825 partem
1808 1749 2182 1823 contulerat3
2256 1750 2376 1810 hoc

282 1858 574 1927 magnum
605 1867 924 1908 numerum
956 1855 1273 1923 equorum,
1307 1848 1487 1906 huius
1518 1848 1664 1906 belli
1690 1857 1878 1907 causa
1907 1848 1968 1907 in
1981 1843 2171 1909 italia
2191 1860 2374 1927 atque

286 1948 599 2026 Hispania
629 1954 997 2025 coomptum‚
1034 1956 1305 2007 miserat.
1397 1949 1490 2006 Eo
1533 1966 1672 2005 cum
1720 1948 2102 2024 Eporedorix
2136 1949 2375 2008 Virido-

283 2057 610 2125 marusque
642 2047 958 2107 venissent
989 2058 1051 2108 et
1084 2047 1162 2107 do
1208 2057 1372 2107 statu
1417 2046 1682 2107 civitatis
1723 2047 2179 2125 cognovissent,
2216 2049 2376 2109 Lita-

281 2159 486 2209 vicum
541 2148 824 2209 Bibracte
875 2148 954 2208 ab
1005 2147 1290 2207 Haeduis
1337 2157 1670 2223 receptum,
1726 2148 1894 2224 quod
1933 2159 2029 2209 est
2077 2150 2374 2227 oppidum

282 2250 450 2327 apud
482 2257 589 2310 eos
620 2250 918 2309 maximae
955 2248 1355 2319 auctoritatiS,
1392 2247 1928 2308 Convictolitavim
1954 2250 2372 2327 magistratum

283 2359 693 2428 magnamque
738 2359 974 2427 partem
1020 2356 1273 2407 senatos
1305 2348 1385 2407 ad
1430 2367 1569 2407 eum
1617 2349 1999 2423 convenisse,
2031 2350 2264 2427 logatos
2293 2352 2373 2410 ad

282 2451 852 2528 Vercingetorigem
906 2450 984 2508 do
1036 2456 1189 2525 pace
1237 2457 1300 2505 et
1359 2447 1630 2507 amicitia
1680 2449 2072 2510 concilianda
2130 2451 2375 2527 publico

284 2550 542 2623 missos3
590 2558 712 2610 non
752 2546 1404 2627 praetermittendum⁵
1443 2557 1680 2608 tantum
1715 2548 2143 2610 commodum⁶
2176 2553 2373 2611 existi-

284 2657 621 2710 mavorunt.
714 2651 932 2726 Itaque
964 2648 1304 2708 interfectis
1332 2650 1389 2707 N
1395 2648 1690 2708 oviodfini
1710 2650 2074 2709 custodibus
2100 2647 2120 2683 ⁷
2146 2661 2374 2727 quique

283 2758 359 2811 eo
410 2751 768 2829 negotiandi
822 2758 1009 2809 causa
1062 2755 1498 2820 convenerant,
1552 2750 1876 2825 pecuniam
1937 2760 2119 2826 atque
2179 2759 2373 2827 equos

283 2851 442 2910 inter
472 2857 539 2909 so
569 2848 590 2882 ⁸
609 2857 820 2927 partiti
850 2861 1026 2921 sunt3
1072 2848 1326 2908 obsidos
1371 2847 1685 2908 civitatum
1730 2848 2013 2909 Bibracte
2049 2850 2128 2909 ad
2158 2850 2374 2928 magis-

283 2960 508 3011 tratum
540 2950 941 3010 dodficendos
981 2955 1377 3020 curaverunt3
1425 2948 1736 3025 oppidum,
1771 2950 1938 3024 quod
1969 2959 2006 3009 a
2037 2957 2105 3009 so
2134 2957 2330 3010 tenori
2352 2950 2375 2983 ⁹

282 3058 409 3111 non
456 3070 639 3128 posse
685 3050 1060 3121 indicabant,
1093 3055 1173 3107 no
1203 3048 1303 3107 cui
1346 3057 1515 3108 esset
1560 3058 1696 3107 usui
1744 3050 2055 3122 Romanis,
2090 3050 2375 3110 incendo-

282 3162 456 3224 runt;
502 3152 790 3210 fromenti
836 3150 999 3226 quod
1049 3149 1253 3208 subito
1316 3156 1646 3226 potuerunt
1697 3148 1960 3208 navibus
2017 3157 2369 3223 avexerunt,

282 3252 585 3328 reliquum
616 3250 865 3309 flflmine
899 3260 1082 3325 atque
1107 3248 1398 3307 incendio
1425 3255 1839 3324 corruperunt.
1933 3251 2064 3326 Ipsi
2089 3269 2165 3309 ex
2188 3250 2375 3309 finiti-

283 3360 399 3410 mis
447 3351 802 3428 regionibus
853 3349 1064 3426 copias
1114 3345 1399 3425 cogere,¹⁰
1445 3347 1753 3424 praesidia
1807 3349 2248 3425 custodiasque
2295 3350 2375 3409 ad

282 3460 449 3528 ripas
498 3450 734 3528 Ligeris
782 3449 1130 3525 disponere,
1178 3449 1642 3524 equitatumque
1685 3448 1972 3507 omnibus
2017 3449 2168 3509 locis
2208 3449 2375 3508 inici-

366 3617 451 3668 Cf.
492 3615 512 3650 ¹
538 3632 658 3681 opp.
694 3618 887 3668 alatos.
906 3644 976 3652 —
996 3613 1020 3647 ²
1042 3616 1252 3666 exotos.
1278 3642 1345 3650 -
1366 3612 1390 3646 ⁸
1415 3614 1664 3678 priorem.
1689 3643 1757 3651 -
1778 3613 1800 3647 ⁴
1824 3615 2125 3678 superasse.
2150 3642 2218 3650 -
2237 3612 2261 3646 ⁶
2284 3627 2376 3664 ne-

282 3702 624 3765 glegendum.
649 3729 717 3737 —
735 3699 758 3732 ⁶
783 3715 901 3763 opp.
936 3698 1348 3750 incommodum.
1369 3723 1439 3732 -—
1460 3694 1480 3728 ⁷
1507 3696 1813 3761 praesidiis.
1827 3723 1892 3732 —
1915 3695 1936 3728 ⁸
1960 3696 2282 3748 divisorum.
2307 3722 2376 3731 —

278 3783 301 3816 ⁹
324 3782 564 3835 dofendi.
578 3781 702 3820 —10
727 3798 847 3846 opp.
871 3781 1168 3833 dimittere.

2448 883 2472 935 5

2419 1668 2475 1704 10

2415 2167 2472 2218 ¹5

2413 2668 2471 2703 20

2412 3166 2470 3216 ²5
