<?xml version="1.0" encoding="UTF-8"?>
<!DOCTYPE html PUBLIC "-//W3C//DTD XHTML 1.0 Transitional//EN"
    "http://www.w3.org/TR/xhtml1/DTD/xhtml1-transitional.dtd">
<html xmlns="http://www.w3.org/1999/xhtml" xml:lang="en" lang="en">
 <head>
  <title>
</title>
<meta http-equiv="Content-Type" content="text/html;charset=utf-8" />
  <meta name='ocr-system' content='tesseract 3.04.00' />
  <meta name='ocr-capabilities' content='ocr_page ocr_carea ocr_par ocr_line ocrx_word'/>
</head>
<body>
  <div class='ocr_page' id='page_1' title='image "./caesarsgallicwa02greegoog_0259.png"; bbox 0 0 2819 4297; ppageno 0'>
   <div class='ocr_carea' id='block_1_1' title="bbox 267 279 2354 365">
    <p class='ocr_par' dir='ltr' id='par_1_1' title="bbox 267 279 2354 365">
     <span class='ocr_line' id='line_1_1' title="bbox 267 279 2354 365; baseline 0.004 -25"><span class='ocrx_word' id='word_1_1' title='bbox 267 290 327 340; x_wconf 87' lang='lat' dir='ltr'><strong>B.</strong></span> <span class='ocrx_word' id='word_1_2' title='bbox 354 291 419 340; x_wconf 90' lang='lat' dir='ltr'><strong>G.</strong></span> <span class='ocrx_word' id='word_1_3' title='bbox 446 292 510 340; x_wconf 89' lang='lat' dir='ltr'><strong>V.</strong></span> <span class='ocrx_word' id='word_1_4' title='bbox 536 291 640 356; x_wconf 78' lang='lat'><strong>24]</strong></span> <span class='ocrx_word' id='word_1_5' title='bbox 780 281 983 344; x_wconf 76' lang='lat' dir='ltr'><strong>Freslc</strong></span> <span class='ocrx_word' id='word_1_6' title='bbox 1030 280 1317 365; x_wconf 84' lang='lat' dir='ltr'><strong>Risz&#39;ngs</strong></span> <span class='ocrx_word' id='word_1_7' title='bbox 1362 282 1447 364; x_wconf 86' lang='lat' dir='ltr'><strong>of</strong></span> <span class='ocrx_word' id='word_1_8' title='bbox 1480 281 1588 344; x_wconf 75' lang='lat' dir='ltr'><strong>tlte</strong></span> <span class='ocrx_word' id='word_1_9' title='bbox 1641 279 1870 344; x_wconf 80' lang='lat' dir='ltr'><strong>Gauls.</strong></span> <span class='ocrx_word' id='word_1_10' title='bbox 2234 295 2354 359; x_wconf 89' lang='lat'><strong>133</strong></span> 
     </span>
    </p>
   </div>
   <div class='ocr_carea' id='block_1_2' title="bbox 261 470 2360 1353">
    <p class='ocr_par' dir='ltr' id='par_1_2' title="bbox 261 470 2360 1353">
     <span class='ocr_line' id='line_1_2' title="bbox 264 470 2359 553; baseline -0.001 -22"><span class='ocrx_word' id='word_1_11' title='bbox 264 490 344 532; x_wconf 85' lang='lat' dir='ltr'><strong>ex</strong></span> <span class='ocrx_word' id='word_1_12' title='bbox 373 470 714 531; x_wconf 86' lang='lat' dir='ltr'><strong>continenti</strong></span> <span class='ocrx_word' id='word_1_13' title='bbox 758 472 839 531; x_wconf 90' lang='lat' dir='ltr'><strong>ad</strong></span> <span class='ocrx_word' id='word_1_14' title='bbox 868 491 1007 531; x_wconf 90' lang='lat' dir='ltr'><strong>eum</strong></span> <span class='ocrx_word' id='word_1_15' title='bbox 1059 472 1529 545; x_wconf 86' lang='lat' dir='ltr'><strong>remitterentur,</strong></span> <span class='ocrx_word' id='word_1_16' title='bbox 1566 471 1698 553; x_wconf 91' lang='lat' dir='ltr'><strong>[et]</strong></span> <span class='ocrx_word' id='word_1_17' title='bbox 1731 471 1952 548; x_wconf 79' lang='lat' dir='ltr'><strong>prioris</strong></span> <span class='ocrx_word' id='word_1_18' title='bbox 1983 478 2359 532; x_wconf 73' lang='lat' dir='ltr'><strong>commeatus</strong></span> 
     </span>
     <span class='ocr_line' id='line_1_3' title="bbox 265 571 2358 651; baseline -0 -21"><span class='ocrx_word' id='word_1_19' title='bbox 265 571 565 648; x_wconf 86' lang='lat' dir='ltr'><strong>expositis</strong></span> <span class='ocrx_word' id='word_1_20' title='bbox 623 571 939 646; x_wconf 80' lang='lat' dir='ltr'><strong>militibus,</strong></span> <span class='ocrx_word' id='word_1_21' title='bbox 1000 581 1064 632; x_wconf 89' lang='lat' dir='ltr'><strong>et</strong></span> <span class='ocrx_word' id='word_1_22' title='bbox 1135 581 1290 651; x_wconf 72' lang='lat' dir='ltr'><strong>quas</strong></span> <span class='ocrx_word' id='word_1_23' title='bbox 1369 581 1593 650; x_wconf 72' lang='lat' dir='ltr'><strong>postea</strong></span> <span class='ocrx_word' id='word_1_24' title='bbox 1653 571 1967 631; x_wconf 88' lang='lat' dir='ltr'><strong>Labienus</strong></span> <span class='ocrx_word' id='word_1_25' title='bbox 2037 571 2358 630; x_wconf 63' lang='lat' dir='ltr'><strong>faciendas</strong></span> 
     </span>
     <span class='ocr_line' id='line_1_4' title="bbox 265 668 2358 750; baseline -0.001 -18"><span class='ocrx_word' id='word_1_26' title='bbox 265 680 584 732; x_wconf 73' lang='lat' dir='ltr'><strong>curaverat</strong></span> <span class='ocrx_word' id='word_1_27' title='bbox 614 679 869 733; x_wconf 78' lang='lat' dir='ltr'><strong>numere</strong></span> <span class='ocrx_word' id='word_1_28' title='bbox 900 690 999 746; x_wconf 83' lang='lat' dir='ltr'><strong>Lx,</strong></span> <span class='ocrx_word' id='word_1_29' title='bbox 1033 691 1380 750; x_wconf 85' lang='lat' dir='ltr'><strong>perpaucae</strong></span> <span class='ocrx_word' id='word_1_30' title='bbox 1418 672 1623 732; x_wconf 92' lang='lat' dir='ltr'><strong>locum</strong></span> <span class='ocrx_word' id='word_1_31' title='bbox 1668 680 1964 749; x_wconf 89' lang='lat' dir='ltr'><strong>caperent</strong></span> <span class='ocrx_word' id='word_1_32' title='bbox 1992 668 2044 744; x_wconf 85' lang='grc' dir='ltr'><strong>;ι</strong></span> <span class='ocrx_word' id='word_1_33' title='bbox 2088 671 2358 747; x_wconf 87' lang='lat' dir='ltr'><strong>reliquae</strong></span> 
     </span>
     <span class='ocr_line' id='line_1_5' title="bbox 265 771 2360 850; baseline -0 -19"><span class='ocrx_word' id='word_1_34' title='bbox 265 773 396 831; x_wconf 82' lang='lat' dir='ltr'><strong>fere</strong></span> <span class='ocrx_word' id='word_1_35' title='bbox 456 779 672 831; x_wconf 90' lang='lat' dir='ltr'><strong>omnes</strong></span> <span class='ocrx_word' id='word_1_36' title='bbox 744 773 1134 832; x_wconf 74' lang='lat' dir='ltr'><strong>reicerentur.</strong></span> <span class='ocrx_word' id='word_1_37' title='bbox 1226 773 1401 847; x_wconf 75' lang='lat' dir='ltr'><strong>Quas</strong></span> <span class='ocrx_word' id='word_1_38' title='bbox 1465 792 1606 832; x_wconf 94' lang='lat' dir='ltr'><strong>cum</strong></span> <span class='ocrx_word' id='word_1_39' title='bbox 1678 771 2056 850; x_wconf 76' lang='lat' dir='ltr'><strong>aliquamdiu</strong></span> <span class='ocrx_word' id='word_1_40' title='bbox 2128 772 2360 831; x_wconf 90' lang='lat' dir='ltr'><strong>Caesar</strong></span> 
     </span>
     <span class='ocr_line' id='line_1_6' title="bbox 261 871 2360 949; baseline -0.001 -18"><span class='ocrx_word' id='word_1_41' title='bbox 261 874 494 932; x_wconf 58' lang='lat' dir='ltr'><strong>frustra</strong></span> <span class='ocrx_word' id='word_1_42' title='bbox 522 881 957 949; x_wconf 72' lang='lat' dir='ltr'><strong>exspectasset,</strong></span> <span class='ocrx_word' id='word_1_43' title='bbox 991 879 1067 931; x_wconf 91' lang='lat' dir='ltr'><strong>ne</strong></span> <span class='ocrx_word' id='word_1_44' title='bbox 1115 881 1264 930; x_wconf 90' lang='lat' dir='ltr'><strong>anni</strong></span> <span class='ocrx_word' id='word_1_45' title='bbox 1309 882 1586 949; x_wconf 89' lang='lat' dir='ltr'><strong>tempore</strong></span> <span class='ocrx_word' id='word_1_46' title='bbox 1630 880 1671 932; x_wconf 75' lang='grc' dir='ltr'><strong>εἳ</strong></span> <span class='ocrx_word' id='word_1_47' title='bbox 1720 871 2115 948; x_wconf 60' lang='lat' dir='ltr'><strong>navigatione</strong></span> <span class='ocrx_word' id='word_1_48' title='bbox 2162 871 2360 929; x_wconf 74' lang='lat' dir='ltr'><strong>exclu-</strong></span> 
     </span>
     <span class='ocr_line' id='line_1_7' title="bbox 264 969 2358 1048; baseline -0.001 -16"><span class='ocrx_word' id='word_1_49' title='bbox 264 973 531 1045; x_wconf 89' lang='lat' dir='ltr'><strong>deretur,</strong></span> <span class='ocrx_word' id='word_1_50' title='bbox 566 972 734 1048; x_wconf 92' lang='lat' dir='ltr'><strong>quod</strong></span> <span class='ocrx_word' id='word_1_51' title='bbox 792 972 1250 1048; x_wconf 90' lang='lat' dir='ltr'><strong>aequinoctium</strong></span> <span class='ocrx_word' id='word_1_52' title='bbox 1295 969 1596 1045; x_wconf 80' lang='lat' dir='ltr'><strong>suberat,²</strong></span> <span class='ocrx_word' id='word_1_53' title='bbox 1638 971 1992 1031; x_wconf 75' lang='lat' dir='ltr'><strong>necessarie</strong></span> <span class='ocrx_word' id='word_1_54' title='bbox 2037 970 2358 1048; x_wconf 87' lang='lat' dir='ltr'><strong>angustius</strong></span> 
     </span>
     <span class='ocr_line' id='line_1_8' title="bbox 263 1066 2354 1149; baseline -0.001 -18"><span class='ocrx_word' id='word_1_55' title='bbox 263 1074 494 1133; x_wconf 86' lang='lat' dir='ltr'><strong>milites</strong></span> <span class='ocrx_word' id='word_1_56' title='bbox 565 1072 928 1143; x_wconf 71' lang='lat' dir='ltr'><strong>conlocavit,</strong></span> <span class='ocrx_word' id='word_1_57' title='bbox 1005 1091 1078 1132; x_wconf 89' lang='lat' dir='ltr'><strong>ac</strong></span> <span class='ocrx_word' id='word_1_58' title='bbox 1144 1080 1383 1131; x_wconf 76' lang='lat' dir='ltr'><strong>summa</strong></span> <span class='ocrx_word' id='word_1_59' title='bbox 1450 1066 1934 1149; x_wconf 60' lang='lat' dir='ltr'><strong>tranquillitate⁸</strong></span> <span class='ocrx_word' id='word_1_60' title='bbox 2003 1078 2354 1142; x_wconf 74' lang='lat' dir='ltr'><strong>consecuta,</strong></span> 
     </span>
     <span class='ocr_line' id='line_1_9' title="bbox 262 1170 2357 1250; baseline -0.003 -17"><span class='ocrx_word' id='word_1_61' title='bbox 262 1173 543 1233; x_wconf 71' lang='lat' dir='ltr'><strong>secunde.</strong></span> <span class='ocrx_word' id='word_1_62' title='bbox 600 1172 753 1232; x_wconf 72' lang='lat' dir='ltr'><strong>inita</strong></span> <span class='ocrx_word' id='word_1_63' title='bbox 810 1190 950 1231; x_wconf 87' lang='lat' dir='ltr'><strong>curn</strong></span> <span class='ocrx_word' id='word_1_64' title='bbox 1012 1171 1299 1232; x_wconf 91' lang='lat' dir='ltr'><strong>solvisset</strong></span> <span class='ocrx_word' id='word_1_65' title='bbox 1370 1171 1597 1250; x_wconf 74' lang='lat' dir='ltr'><strong>vigilia,</strong></span> <span class='ocrx_word' id='word_1_66' title='bbox 1673 1179 1871 1248; x_wconf 73' lang='lat' dir='ltr'><strong>prima</strong></span> <span class='ocrx_word' id='word_1_67' title='bbox 1929 1170 2063 1230; x_wconf 74' lang='lat' dir='ltr'><strong>luce</strong></span> <span class='ocrx_word' id='word_1_68' title='bbox 2135 1179 2357 1229; x_wconf 89' lang='lat' dir='ltr'><strong>terram</strong></span> 
     </span>
     <span class='ocr_line' id='line_1_10' title="bbox 261 1271 1754 1353; baseline -0.001 -20"><span class='ocrx_word' id='word_1_69' title='bbox 261 1271 505 1353; x_wconf 72' lang='lat' dir='ltr'><strong>attigit⁴</strong></span> <span class='ocrx_word' id='word_1_70' title='bbox 532 1281 855 1350; x_wconf 91' lang='lat' dir='ltr'><strong>omnisque</strong></span> <span class='ocrx_word' id='word_1_71' title='bbox 887 1272 1212 1332; x_wconf 89' lang='lat' dir='ltr'><strong>incolumis</strong></span> <span class='ocrx_word' id='word_1_72' title='bbox 1243 1281 1420 1333; x_wconf 72' lang='lat' dir='ltr'><strong>navis</strong></span> <span class='ocrx_word' id='word_1_73' title='bbox 1449 1273 1754 1350; x_wconf 75' lang='lat' dir='ltr'><strong>perduxit.</strong></span> 
     </span>
    </p>
   </div>
   <div class='ocr_carea' id='block_1_3' title="bbox 183 1452 2363 3632">
    <p class='ocr_par' dir='ltr' id='par_1_3' title="bbox 288 1452 2330 1574">
     <span class='ocr_line' id='line_1_11' title="bbox 288 1452 2330 1507; baseline -0.003 -7"><span class='ocrx_word' id='word_1_74' title='bbox 288 1457 365 1500; x_wconf 83' lang='lat' dir='ltr'><strong>On</strong></span> <span class='ocrx_word' id='word_1_75' title='bbox 392 1456 617 1498; x_wconf 81' lang='lat' dir='ltr'><strong>Account</strong></span> <span class='ocrx_word' id='word_1_76' title='bbox 642 1455 695 1497; x_wconf 70' lang='grc' dir='ltr'><strong>οἱ</strong></span> <span class='ocrx_word' id='word_1_77' title='bbox 719 1456 806 1498; x_wconf 83' lang='lat' dir='ltr'><strong>the</strong></span> <span class='ocrx_word' id='word_1_78' title='bbox 832 1455 1053 1507; x_wconf 68' lang='lat' dir='ltr'><strong>scaz-city</strong></span> <span class='ocrx_word' id='word_1_79' title='bbox 1079 1455 1132 1498; x_wconf 70' lang='grc' dir='ltr'><strong>οἱ</strong></span> <span class='ocrx_word' id='word_1_80' title='bbox 1158 1455 1402 1507; x_wconf 81' lang='lat' dir='ltr'><strong>supplies,</strong></span> <span class='ocrx_word' id='word_1_81' title='bbox 1431 1456 1516 1496; x_wconf 81' lang='lat' dir='ltr'><strong>the</strong></span> <span class='ocrx_word' id='word_1_82' title='bbox 1541 1455 1695 1506; x_wconf 76' lang='lat' dir='ltr'><strong>Army</strong></span> <span class='ocrx_word' id='word_1_83' title='bbox 1720 1454 1765 1496; x_wconf 73' lang='lat' dir='ltr'><strong>is</strong></span> <span class='ocrx_word' id='word_1_84' title='bbox 1793 1452 1996 1505; x_wconf 81' lang='lat' dir='ltr'><strong>widely</strong></span> <span class='ocrx_word' id='word_1_85' title='bbox 2024 1452 2330 1494; x_wconf 80' lang='lat' dir='ltr'><strong>Distributed</strong></span> 
     </span>
     <span class='ocr_line' id='line_1_12' title="bbox 1027 1523 1592 1574; baseline -0.002 -10"><span class='ocrx_word' id='word_1_86' title='bbox 1027 1523 1105 1565; x_wconf 74' lang='lat' dir='ltr'><strong>for</strong></span> <span class='ocrx_word' id='word_1_87' title='bbox 1125 1523 1322 1564; x_wconf 78' lang='lat' dir='ltr'><strong>Winter-</strong></span> <span class='ocrx_word' id='word_1_88' title='bbox 1340 1523 1592 1574; x_wconf 70' lang='lat' dir='ltr'><strong>Quat-tere.</strong></span> 
     </span>
    </p>

    <p class='ocr_par' dir='ltr' id='par_1_4' title="bbox 183 1641 2363 3632">
     <span class='ocr_line' id='line_1_13' title="bbox 348 1641 2357 1718; baseline -0.001 -16"><span class='ocrx_word' id='word_1_89' title='bbox 348 1652 444 1702; x_wconf 79' lang='lat'><strong>24.</strong></span> <span class='ocrx_word' id='word_1_90' title='bbox 509 1644 844 1705; x_wconf 83' lang='lat' dir='ltr'><strong>Subductis</strong></span> <span class='ocrx_word' id='word_1_91' title='bbox 900 1643 1166 1704; x_wconf 72' lang='lat' dir='ltr'><strong>navibus</strong></span> <span class='ocrx_word' id='word_1_92' title='bbox 1238 1642 1627 1718; x_wconf 74' lang='lat' dir='ltr'><strong>concilioque</strong></span> <span class='ocrx_word' id='word_1_93' title='bbox 1687 1641 2007 1701; x_wconf 76' lang='lat' dir='ltr'><strong>Gallorum</strong></span> <span class='ocrx_word' id='word_1_94' title='bbox 2083 1641 2357 1700; x_wconf 90' lang='lat' dir='ltr'><strong>Samaro—</strong></span> 
     </span>
     <span class='ocr_line' id='line_1_14' title="bbox 260 1740 2359 1822; baseline -0.004 -16"><span class='ocrx_word' id='word_1_95' title='bbox 260 1747 478 1806; x_wconf 87' lang='lat' dir='ltr'><strong>brivae</strong></span> <span class='ocrx_word' id='word_1_96' title='bbox 508 1752 777 1822; x_wconf 75' lang='lat' dir='ltr'><strong>peracte,</strong></span> <span class='ocrx_word' id='word_1_97' title='bbox 809 1745 976 1822; x_wconf 94' lang='lat' dir='ltr'><strong>quod</strong></span> <span class='ocrx_word' id='word_1_98' title='bbox 1032 1751 1109 1804; x_wconf 79' lang='lat' dir='ltr'><strong>ee</strong></span> <span class='ocrx_word' id='word_1_99' title='bbox 1153 1750 1317 1803; x_wconf 78' lang='lat' dir='ltr'><strong>anne</strong></span> <span class='ocrx_word' id='word_1_100' title='bbox 1373 1744 1749 1802; x_wconf 76' lang='lat' dir='ltr'><strong>frumentum</strong></span> <span class='ocrx_word' id='word_1_101' title='bbox 1781 1741 1845 1800; x_wconf 90' lang='lat' dir='ltr'><strong>in</strong></span> <span class='ocrx_word' id='word_1_102' title='bbox 1875 1740 2078 1802; x_wconf 71' lang='lat' dir='ltr'><strong>Gallia</strong></span> <span class='ocrx_word' id='word_1_103' title='bbox 2109 1749 2359 1818; x_wconf 90' lang='lat' dir='ltr'><strong>propter</strong></span> 
     </span>
     <span class='ocr_line' id='line_1_15' title="bbox 183 1831 2359 1924; baseline -0.003 -18"><span class='ocrx_word' id='word_1_104' title='bbox 183 1910 189 1914; x_wconf 63' lang='grc'><em>,</em></span> <span class='ocrx_word' id='word_1_105' title='bbox 261 1846 565 1907; x_wconf 68' lang='lat' dir='ltr'><strong>siccitatis</strong></span> <span class='ocrx_word' id='word_1_106' title='bbox 595 1844 916 1924; x_wconf 88' lang='lat' dir='ltr'><strong>angustius</strong></span> <span class='ocrx_word' id='word_1_107' title='bbox 944 1851 1329 1922; x_wconf 77' lang='lat' dir='ltr'><strong>provenerat,</strong></span> <span class='ocrx_word' id='word_1_108' title='bbox 1361 1831 1618 1904; x_wconf 73' lang='lat' dir='ltr'><strong>coactus</strong></span> <span class='ocrx_word' id='word_1_109' title='bbox 1648 1852 1744 1902; x_wconf 92' lang='lat' dir='ltr'><strong>est</strong></span> <span class='ocrx_word' id='word_1_110' title='bbox 1791 1841 1967 1901; x_wconf 89' lang='lat' dir='ltr'><strong>aliter</strong></span> <span class='ocrx_word' id='word_1_111' title='bbox 1995 1839 2101 1901; x_wconf 77' lang='lat' dir='ltr'><strong>ac⁵</strong></span> <span class='ocrx_word' id='word_1_112' title='bbox 2129 1841 2359 1918; x_wconf 89' lang='lat' dir='ltr'><strong>superi·</strong></span> 
     </span>
     <span class='ocr_line' id='line_1_16' title="bbox 262 1940 2357 2020; baseline -0.003 -13"><span class='ocrx_word' id='word_1_113' title='bbox 262 1946 478 2007; x_wconf 79' lang='lat' dir='ltr'><strong>eribus</strong></span> <span class='ocrx_word' id='word_1_114' title='bbox 523 1953 704 2004; x_wconf 89' lang='lat' dir='ltr'><strong>annis</strong></span> <span class='ocrx_word' id='word_1_115' title='bbox 733 1944 1066 2004; x_wconf 85' lang='lat' dir='ltr'><strong>exercitum</strong></span> <span class='ocrx_word' id='word_1_116' title='bbox 1096 1942 1160 2003; x_wconf 92' lang='lat' dir='ltr'><strong>in</strong></span> <span class='ocrx_word' id='word_1_117' title='bbox 1190 1943 1465 2004; x_wconf 89' lang='lat' dir='ltr'><strong>hibernis</strong></span> <span class='ocrx_word' id='word_1_118' title='bbox 1508 1944 1832 2003; x_wconf 71' lang='lat' dir='ltr'><strong>conlocere</strong></span> <span class='ocrx_word' id='word_1_119' title='bbox 1862 1941 2262 2020; x_wconf 77' lang='lat' dir='ltr'><strong>legionesque</strong></span> <span class='ocrx_word' id='word_1_120' title='bbox 2293 1940 2357 2000; x_wconf 93' lang='lat' dir='ltr'><strong>in</strong></span> 
     </span>
     <span class='ocr_line' id='line_1_17' title="bbox 262 2041 2357 2125; baseline -0.003 -18"><span class='ocrx_word' id='word_1_121' title='bbox 262 2046 458 2125; x_wconf 72' lang='lat' dir='ltr'><strong>pluris</strong></span> <span class='ocrx_word' id='word_1_122' title='bbox 504 2045 768 2105; x_wconf 59' lang='lat' dir='ltr'><strong>civitatis</strong></span> <span class='ocrx_word' id='word_1_123' title='bbox 812 2041 1258 2119; x_wconf 79' lang='lat' dir='ltr'><strong>distribuere3⁶</strong></span> <span class='ocrx_word' id='word_1_124' title='bbox 1306 2064 1382 2105; x_wconf 85' lang='lat' dir='ltr'><strong>ex</strong></span> <span class='ocrx_word' id='word_1_125' title='bbox 1426 2044 1653 2123; x_wconf 89' lang='lat' dir='ltr'><strong>quibus</strong></span> <span class='ocrx_word' id='word_1_126' title='bbox 1711 2054 1893 2104; x_wconf 76' lang='lat' dir='ltr'><strong>unam</strong></span> <span class='ocrx_word' id='word_1_127' title='bbox 1951 2042 2017 2101; x_wconf 88' lang='lat' dir='ltr'><strong>in</strong></span> <span class='ocrx_word' id='word_1_128' title='bbox 2077 2042 2357 2101; x_wconf 77' lang='lat' dir='ltr'><strong>Morinos</strong></span> 
     </span>
     <span class='ocr_line' id='line_1_18' title="bbox 263 2142 2353 2224; baseline -0.003 -15"><span class='ocrx_word' id='word_1_129' title='bbox 263 2146 618 2209; x_wconf 73' lang='lat' dir='ltr'><strong>ducendam</strong></span> <span class='ocrx_word' id='word_1_130' title='bbox 679 2148 749 2207; x_wconf 90' lang='lat' dir='ltr'><strong>C.</strong></span> <span class='ocrx_word' id='word_1_131' title='bbox 785 2144 979 2206; x_wconf 77' lang='lat' dir='ltr'><strong>Fabio</strong></span> <span class='ocrx_word' id='word_1_132' title='bbox 1037 2146 1243 2224; x_wconf 75' lang='lat' dir='ltr'><strong>legete</strong></span> <span class='ocrx_word' id='word_1_133' title='bbox 1299 2144 1491 2216; x_wconf 86' lang='lat' dir='ltr'><strong>dedit,</strong></span> <span class='ocrx_word' id='word_1_134' title='bbox 1547 2145 1800 2205; x_wconf 91' lang='lat' dir='ltr'><strong>alteram</strong></span> <span class='ocrx_word' id='word_1_135' title='bbox 1856 2142 1922 2203; x_wconf 92' lang='lat' dir='ltr'><strong>in</strong></span> <span class='ocrx_word' id='word_1_136' title='bbox 1981 2142 2245 2204; x_wconf 79' lang='lat' dir='ltr'><strong>Nervios</strong></span> <span class='ocrx_word' id='word_1_137' title='bbox 2277 2142 2353 2217; x_wconf 88' lang='lat' dir='ltr'><strong>Q.</strong></span> 
     </span>
     <span class='ocr_line' id='line_1_19' title="bbox 266 2244 2357 2323; baseline -0.004 -12"><span class='ocrx_word' id='word_1_138' title='bbox 266 2250 576 2322; x_wconf 76' lang='lat' dir='ltr'><strong>Ciceroni,</strong></span> <span class='ocrx_word' id='word_1_139' title='bbox 609 2246 852 2308; x_wconf 86' lang='lat' dir='ltr'><strong>tertiam</strong></span> <span class='ocrx_word' id='word_1_140' title='bbox 910 2246 975 2306; x_wconf 92' lang='lat' dir='ltr'><strong>in</strong></span> <span class='ocrx_word' id='word_1_141' title='bbox 1022 2246 1284 2307; x_wconf 80' lang='lat' dir='ltr'><strong>Esuvies</strong></span> <span class='ocrx_word' id='word_1_142' title='bbox 1315 2248 1384 2307; x_wconf 92' lang='lat' dir='ltr'><strong>L.</strong></span> <span class='ocrx_word' id='word_1_143' title='bbox 1421 2245 1693 2319; x_wconf 80' lang='lat' dir='ltr'><strong>Resci63</strong></span> <span class='ocrx_word' id='word_1_144' title='bbox 1743 2255 2023 2323; x_wconf 89' lang='lat' dir='ltr'><strong>quartam</strong></span> <span class='ocrx_word' id='word_1_145' title='bbox 2047 2244 2110 2302; x_wconf 90' lang='lat' dir='ltr'><strong>in</strong></span> <span class='ocrx_word' id='word_1_146' title='bbox 2144 2246 2357 2302; x_wconf 90' lang='lat' dir='ltr'><strong>Remis</strong></span> 
     </span>
     <span class='ocr_line' id='line_1_20' title="bbox 263 2343 2354 2417; baseline -0.004 -5"><span class='ocrx_word' id='word_1_147' title='bbox 263 2370 408 2413; x_wconf 91' lang='lat' dir='ltr'><strong>cum</strong></span> <span class='ocrx_word' id='word_1_148' title='bbox 467 2351 540 2409; x_wconf 90' lang='lat' dir='ltr'><strong>T.</strong></span> <span class='ocrx_word' id='word_1_149' title='bbox 589 2348 866 2408; x_wconf 78' lang='lat' dir='ltr'><strong>Labiene</strong></span> <span class='ocrx_word' id='word_1_150' title='bbox 908 2346 973 2406; x_wconf 90' lang='lat' dir='ltr'><strong>in</strong></span> <span class='ocrx_word' id='word_1_151' title='bbox 1017 2344 1322 2407; x_wconf 66' lang='grc' dir='ltr'><strong>(εοῐιίῑῐιίὀ7</strong></span> <span class='ocrx_word' id='word_1_152' title='bbox 1362 2348 1767 2407; x_wconf 77' lang='lat' dir='ltr'><strong>Treverorum</strong></span> <span class='ocrx_word' id='word_1_153' title='bbox 1812 2345 2083 2405; x_wconf 73' lang='lat' dir='ltr'><strong>hiemare</strong></span> <span class='ocrx_word' id='word_1_154' title='bbox 2140 2343 2354 2417; x_wconf 90' lang='lat' dir='ltr'><strong>iussit;</strong></span> 
     </span>
     <span class='ocr_line' id='line_1_21' title="bbox 264 2445 2352 2520; baseline -0.004 -8"><span class='ocrx_word' id='word_1_155' title='bbox 264 2458 390 2512; x_wconf 87' lang='lat' dir='ltr'><strong>tres</strong></span> <span class='ocrx_word' id='word_1_156' title='bbox 464 2450 528 2508; x_wconf 91' lang='lat' dir='ltr'><strong>in</strong></span> <span class='ocrx_word' id='word_1_157' title='bbox 590 2448 932 2508; x_wconf 88' lang='lat' dir='ltr'><strong>Bellovacis</strong></span> <span class='ocrx_word' id='word_1_158' title='bbox 1002 2446 1391 2520; x_wconf 52' lang='lat' dir='ltr'><strong>conlocevin</strong></span> <span class='ocrx_word' id='word_1_159' title='bbox 1465 2446 1562 2506; x_wconf 89' lang='lat' dir='ltr'><strong>his</strong></span> <span class='ocrx_word' id='word_1_160' title='bbox 1635 2448 1723 2506; x_wconf 88' lang='lat' dir='ltr'><strong>M.</strong></span> <span class='ocrx_word' id='word_1_161' title='bbox 1786 2447 2078 2506; x_wconf 87' lang='lat' dir='ltr'><strong>Crassum</strong></span> <span class='ocrx_word' id='word_1_162' title='bbox 2149 2453 2213 2503; x_wconf 91' lang='lat' dir='ltr'><strong>et</strong></span> <span class='ocrx_word' id='word_1_163' title='bbox 2284 2445 2352 2504; x_wconf 92' lang='lat' dir='ltr'><strong>L.</strong></span> 
     </span>
     <span class='ocr_line' id='line_1_22' title="bbox 269 2545 2353 2633; baseline -0.003 -21"><span class='ocrx_word' id='word_1_164' title='bbox 269 2550 622 2612; x_wconf 61' lang='lat' dir='ltr'><strong>Munatium</strong></span> <span class='ocrx_word' id='word_1_165' title='bbox 683 2549 978 2609; x_wconf 90' lang='lat' dir='ltr'><strong>Plancum</strong></span> <span class='ocrx_word' id='word_1_166' title='bbox 1028 2557 1091 2608; x_wconf 90' lang='lat' dir='ltr'><strong>et</strong></span> <span class='ocrx_word' id='word_1_167' title='bbox 1163 2549 1240 2633; x_wconf 77' lang='lat' dir='ltr'><strong>C.</strong></span> <span class='ocrx_word' id='word_1_168' title='bbox 1293 2546 1671 2607; x_wconf 76' lang='lat' dir='ltr'><strong>Trebonium</strong></span> <span class='ocrx_word' id='word_1_169' title='bbox 1736 2546 1975 2625; x_wconf 76' lang='lat' dir='ltr'><strong>legatos</strong></span> <span class='ocrx_word' id='word_1_170' title='bbox 2038 2545 2353 2623; x_wconf 84' lang='lat' dir='ltr'><strong>praefecit.</strong></span> 
     </span>
     <span class='ocr_line' id='line_1_23' title="bbox 265 2633 2353 2728; baseline -0.004 -16"><span class='ocrx_word' id='word_1_171' title='bbox 265 2633 480 2713; x_wconf 70' lang='lat' dir='ltr'><strong>&#39;sJnam</strong></span> <span class='ocrx_word' id='word_1_172' title='bbox 509 2650 831 2728; x_wconf 77' lang='lat' dir='ltr'><strong>legionem,</strong></span> <span class='ocrx_word' id='word_1_173' title='bbox 866 2668 1049 2725; x_wconf 90' lang='lat' dir='ltr'><strong>quam</strong></span> <span class='ocrx_word' id='word_1_174' title='bbox 1081 2643 1387 2726; x_wconf 83' lang='lat' dir='ltr'><strong>proxime⁸</strong></span> <span class='ocrx_word' id='word_1_175' title='bbox 1413 2656 1584 2707; x_wconf 74' lang='lat' dir='ltr'><strong>trens</strong></span> <span class='ocrx_word' id='word_1_176' title='bbox 1617 2647 1852 2706; x_wconf 90' lang='lat' dir='ltr'><strong>Padum</strong></span> <span class='ocrx_word' id='word_1_177' title='bbox 1885 2653 2353 2724; x_wconf 80' lang='lat' dir='ltr'><strong>conscripserat,</strong></span> 
     </span>
     <span class='ocr_line' id='line_1_24' title="bbox 268 2746 2358 2826; baseline -0.004 -14"><span class='ocrx_word' id='word_1_178' title='bbox 268 2763 330 2812; x_wconf 91' lang='lat' dir='ltr'><strong>et</strong></span> <span class='ocrx_word' id='word_1_179' title='bbox 358 2753 632 2812; x_wconf 86' lang='lat' dir='ltr'><strong>cohortis</strong></span> <span class='ocrx_word' id='word_1_180' title='bbox 675 2767 715 2809; x_wconf 92' lang='lat' dir='ltr'>v</span> <span class='ocrx_word' id='word_1_181' title='bbox 758 2749 822 2808; x_wconf 92' lang='lat' dir='ltr'><strong>in</strong></span> <span class='ocrx_word' id='word_1_182' title='bbox 869 2750 1213 2822; x_wconf 76' lang='lat' dir='ltr'><strong>EburoneS,</strong></span> <span class='ocrx_word' id='word_1_183' title='bbox 1248 2755 1508 2826; x_wconf 81' lang='lat' dir='ltr'><strong>querum</strong></span> <span class='ocrx_word' id='word_1_184' title='bbox 1554 2766 1696 2825; x_wconf 87' lang='lat' dir='ltr'><strong>pars</strong></span> <span class='ocrx_word' id='word_1_185' title='bbox 1753 2747 2017 2807; x_wconf 83' lang='lat' dir='ltr'><strong>maxima</strong></span> <span class='ocrx_word' id='word_1_186' title='bbox 2061 2756 2157 2807; x_wconf 91' lang='lat' dir='ltr'><strong>est</strong></span> <span class='ocrx_word' id='word_1_187' title='bbox 2199 2746 2358 2806; x_wconf 90' lang='lat' dir='ltr'><strong>inter</strong></span> 
     </span>
     <span class='ocr_line' id='line_1_25' title="bbox 271 2846 2358 2926; baseline -0.003 -13"><span class='ocrx_word' id='word_1_188' title='bbox 271 2855 518 2913; x_wconf 89' lang='lat' dir='ltr'><strong>Mosam</strong></span> <span class='ocrx_word' id='word_1_189' title='bbox 594 2870 670 2911; x_wconf 87' lang='lat' dir='ltr'><strong>ac</strong></span> <span class='ocrx_word' id='word_1_190' title='bbox 756 2851 1063 2922; x_wconf 90' lang='lat' dir='ltr'><strong>Rhenum,</strong></span> <span class='ocrx_word' id='word_1_191' title='bbox 1142 2857 1249 2926; x_wconf 89' lang='lat' dir='ltr'><strong>qui</strong></span> <span class='ocrx_word' id='word_1_192' title='bbox 1319 2849 1435 2908; x_wconf 90' lang='lat' dir='ltr'><strong>sub</strong></span> <span class='ocrx_word' id='word_1_193' title='bbox 1508 2846 1765 2926; x_wconf 76' lang='lat' dir='ltr'><strong>imperio</strong></span> <span class='ocrx_word' id='word_1_194' title='bbox 1850 2846 2225 2924; x_wconf 88' lang='lat' dir='ltr'><strong>Ambiorigis</strong></span> <span class='ocrx_word' id='word_1_195' title='bbox 2297 2856 2358 2907; x_wconf 90' lang='lat' dir='ltr'><strong>et</strong></span> 
     </span>
     <span class='ocr_line' id='line_1_26' title="bbox 271 2946 2356 3024; baseline -0.004 -9"><span class='ocrx_word' id='word_1_196' title='bbox 271 2951 596 3015; x_wconf 88' lang='lat' dir='ltr'><strong>Catuvolci</strong></span> <span class='ocrx_word' id='word_1_197' title='bbox 625 2961 815 3024; x_wconf 89' lang='lat' dir='ltr'><strong>erant,</strong></span> <span class='ocrx_word' id='word_1_198' title='bbox 841 2950 1024 3010; x_wconf 88' lang='lat' dir='ltr'><strong>misit.</strong></span> <span class='ocrx_word' id='word_1_199' title='bbox 1120 2952 1244 3009; x_wconf 87' lang='lat' dir='ltr'><strong>His</strong></span> <span class='ocrx_word' id='word_1_200' title='bbox 1290 2949 1585 3009; x_wconf 88' lang='lat' dir='ltr'><strong>militibus</strong></span> <span class='ocrx_word' id='word_1_201' title='bbox 1617 2949 1693 3023; x_wconf 90' lang='lat' dir='ltr'><strong>Q.</strong></span> <span class='ocrx_word' id='word_1_202' title='bbox 1725 2946 2028 3007; x_wconf 74' lang='lat' dir='ltr'><strong>Titurium</strong></span> <span class='ocrx_word' id='word_1_203' title='bbox 2062 2947 2356 3007; x_wconf 91' lang='lat' dir='ltr'><strong>Sabinum</strong></span> 
     </span>
     <span class='ocr_line' id='line_1_27' title="bbox 269 3046 2358 3127; baseline -0.003 -13"><span class='ocrx_word' id='word_1_204' title='bbox 269 3064 331 3114; x_wconf 87' lang='lat' dir='ltr'><strong>et</strong></span> <span class='ocrx_word' id='word_1_205' title='bbox 377 3055 446 3113; x_wconf 95' lang='lat' dir='ltr'><strong>L.</strong></span> <span class='ocrx_word' id='word_1_206' title='bbox 492 3052 974 3111; x_wconf 72' lang='lat' dir='ltr'><strong>Aurunculeium</strong></span> <span class='ocrx_word' id='word_1_207' title='bbox 1020 3053 1270 3112; x_wconf 87' lang='lat' dir='ltr'><strong>Cottam</strong></span> <span class='ocrx_word' id='word_1_208' title='bbox 1327 3050 1566 3127; x_wconf 71' lang='lat' dir='ltr'><strong>legatos</strong></span> <span class='ocrx_word' id='word_1_209' title='bbox 1624 3067 1914 3126; x_wconf 87' lang='lat' dir='ltr'><strong>praeesse</strong></span> <span class='ocrx_word' id='word_1_210' title='bbox 1972 3046 2169 3108; x_wconf 91' lang='lat' dir='ltr'><strong>iussit.</strong></span> <span class='ocrx_word' id='word_1_211' title='bbox 2256 3047 2358 3107; x_wconf 94' lang='lat' dir='ltr'><strong>Ad</strong></span> 
     </span>
     <span class='ocr_line' id='line_1_28' title="bbox 271 3147 2356 3229; baseline -0.004 -16"><span class='ocrx_word' id='word_1_212' title='bbox 271 3157 438 3214; x_wconf 91' lang='lat' dir='ltr'><strong>hunc</strong></span> <span class='ocrx_word' id='word_1_213' title='bbox 467 3152 716 3213; x_wconf 90' lang='lat' dir='ltr'><strong>modum</strong></span> <span class='ocrx_word' id='word_1_214' title='bbox 747 3152 1088 3212; x_wconf 73' lang='lat' dir='ltr'><strong>distributis</strong></span> <span class='ocrx_word' id='word_1_215' title='bbox 1122 3149 1470 3229; x_wconf 76' lang='lat' dir='ltr'><strong>legionibus</strong></span> <span class='ocrx_word' id='word_1_216' title='bbox 1498 3149 1791 3210; x_wconf 73' lang='lat' dir='ltr'><strong>facillime</strong></span> <span class='ocrx_word' id='word_1_217' title='bbox 1820 3147 2068 3227; x_wconf 89' lang='lat' dir='ltr'><strong>inopiae</strong></span> <span class='ocrx_word' id='word_1_218' title='bbox 2095 3149 2356 3208; x_wconf 75' lang='lat' dir='ltr'><strong>frumen-</strong></span> 
     </span>
     <span class='ocr_line' id='line_1_29' title="bbox 269 3247 2353 3331; baseline -0.004 -16"><span class='ocrx_word' id='word_1_219' title='bbox 269 3254 463 3316; x_wconf 74' lang='lat' dir='ltr'><strong>tariae</strong></span> <span class='ocrx_word' id='word_1_220' title='bbox 494 3260 632 3313; x_wconf 88' lang='lat' dir='ltr'><strong>sese</strong></span> <span class='ocrx_word' id='word_1_221' title='bbox 661 3253 894 3313; x_wconf 89' lang='lat' dir='ltr'><strong>mederi</strong></span> <span class='ocrx_word' id='word_1_222' title='bbox 935 3271 1120 3331; x_wconf 89' lang='lat' dir='ltr'><strong>posse</strong></span> <span class='ocrx_word' id='word_1_223' title='bbox 1164 3247 1582 3312; x_wconf 66' lang='lat' dir='ltr'><strong>existimavit.⁹</strong></span> <span class='ocrx_word' id='word_1_224' title='bbox 1664 3252 1872 3327; x_wconf 91' lang='lat' dir='ltr'><strong>Atque</strong></span> <span class='ocrx_word' id='word_1_225' title='bbox 1902 3249 2117 3309; x_wconf 69' lang='lat' dir='ltr'><strong>herum</strong></span> <span class='ocrx_word' id='word_1_226' title='bbox 2147 3258 2353 3308; x_wconf 91' lang='lat' dir='ltr'><strong>tamen</strong></span> 
     </span>
     <span class='ocr_line' id='line_1_30' title="bbox 269 3348 2356 3433; baseline -0.004 -18"><span class='ocrx_word' id='word_1_227' title='bbox 269 3354 546 3415; x_wconf 90' lang='lat' dir='ltr'><strong>omnium</strong></span> <span class='ocrx_word' id='word_1_228' title='bbox 586 3354 896 3433; x_wconf 75' lang='lat' dir='ltr'><strong>legionum</strong></span> <span class='ocrx_word' id='word_1_229' title='bbox 942 3354 1217 3426; x_wconf 87' lang='lat' dir='ltr'><strong>hiberna,</strong></span> <span class='ocrx_word' id='word_1_230' title='bbox 1250 3362 1495 3429; x_wconf 91' lang='lat' dir='ltr'><strong>praeter</strong></span> <span class='ocrx_word' id='word_1_231' title='bbox 1523 3369 1658 3410; x_wconf 89' lang='lat' dir='ltr'><strong>cam</strong></span> <span class='ocrx_word' id='word_1_232' title='bbox 1704 3369 1886 3428; x_wconf 89' lang='lat' dir='ltr'><strong>quarn</strong></span> <span class='ocrx_word' id='word_1_233' title='bbox 1924 3351 1993 3409; x_wconf 93' lang='lat' dir='ltr'><strong>L.</strong></span> <span class='ocrx_word' id='word_1_234' title='bbox 2031 3349 2263 3409; x_wconf 77' lang='lat' dir='ltr'><strong>Roscio</strong></span> <span class='ocrx_word' id='word_1_235' title='bbox 2293 3348 2356 3407; x_wconf 93' lang='lat' dir='ltr'><strong>in</strong></span> 
     </span>
     <span class='ocr_line' id='line_1_31' title="bbox 269 3450 2354 3534; baseline -0.004 -17"><span class='ocrx_word' id='word_1_236' title='bbox 269 3454 727 3534; x_wconf 58' lang='lat' dir='ltr'><strong>pacatissimam</strong></span> <span class='ocrx_word' id='word_1_237' title='bbox 770 3463 835 3514; x_wconf 87' lang='lat' dir='ltr'><strong>et</strong></span> <span class='ocrx_word' id='word_1_238' title='bbox 889 3452 1333 3531; x_wconf 89' lang='lat' dir='ltr'><strong>quietissimam</strong></span> <span class='ocrx_word' id='word_1_239' title='bbox 1392 3462 1628 3528; x_wconf 88' lang='lat' dir='ltr'><strong>partem</strong></span> <span class='ocrx_word' id='word_1_240' title='bbox 1680 3451 2025 3511; x_wconf 73' lang='lat' dir='ltr'><strong>ducendam</strong></span> <span class='ocrx_word' id='word_1_241' title='bbox 2084 3450 2354 3521; x_wconf 87' lang='lat' dir='ltr'><strong>dederat,</strong></span> 
     </span>
     <span class='ocr_line' id='line_1_32' title="bbox 267 3544 2363 3632; baseline -0.005 -16"><span class='ocrx_word' id='word_1_242' title='bbox 267 3555 521 3616; x_wconf 89' lang='lat' dir='ltr'><strong>milibus</strong></span> <span class='ocrx_word' id='word_1_243' title='bbox 569 3572 865 3632; x_wconf 87' lang='lat' dir='ltr'><strong>passuum</strong></span> <span class='ocrx_word' id='word_1_244' title='bbox 922 3571 960 3612; x_wconf 88' lang='lat' dir='ltr'><strong>c</strong></span> <span class='ocrx_word' id='word_1_245' title='bbox 1017 3552 1508 3612; x_wconf 89' lang='lat' dir='ltr'><strong>continebantur.</strong></span> <span class='ocrx_word' id='word_1_246' title='bbox 1598 3553 1741 3628; x_wconf 92' lang='lat' dir='ltr'><strong>Ipse</strong></span> <span class='ocrx_word' id='word_1_247' title='bbox 1792 3550 2042 3622; x_wconf 61' lang='lat' dir='ltr'><strong>intereat,</strong></span> <span class='ocrx_word' id='word_1_248' title='bbox 2098 3549 2303 3626; x_wconf 91' lang='lat' dir='ltr'><strong>quoad</strong></span> <span class='ocrx_word' id='word_1_249' title='bbox 2321 3544 2363 3579; x_wconf 85' lang='lat'><strong>¹⁰</strong></span> 
     </span>
    </p>
   </div>
   <div class='ocr_carea' id='block_1_4' title="bbox 267 3713 2356 3868">
    <p class='ocr_par' dir='ltr' id='par_1_5' title="bbox 267 3713 2356 3868">
     <span class='ocr_line' id='line_1_33' title="bbox 354 3713 2356 3788; baseline -0.004 -15"><span class='ocrx_word' id='word_1_250' title='bbox 354 3720 440 3773; x_wconf 86' lang='lat' dir='ltr'><strong>Cf.</strong></span> <span class='ocrx_word' id='word_1_251' title='bbox 464 3719 486 3755; x_wconf 87' lang='lat'>¹</span> <span class='ocrx_word' id='word_1_252' title='bbox 509 3720 852 3788; x_wconf 79' lang='lat' dir='ltr'><strong>pervenirent</strong></span> <span class='ocrx_word' id='word_1_253' title='bbox 874 3720 963 3772; x_wconf 79' lang='lat' dir='ltr'><strong>ad.</strong></span> <span class='ocrx_word' id='word_1_254' title='bbox 980 3717 1079 3756; x_wconf 80' lang='lat'><strong>——2</strong></span> <span class='ocrx_word' id='word_1_255' title='bbox 1100 3719 1306 3771; x_wconf 82' lang='lat' dir='ltr'><strong>aderat.</strong></span> <span class='ocrx_word' id='word_1_256' title='bbox 1327 3744 1395 3753; x_wconf 92' lang='lat'>—</span> <span class='ocrx_word' id='word_1_257' title='bbox 1409 3714 1434 3749; x_wconf 81' lang='lat'>⁸</span> <span class='ocrx_word' id='word_1_258' title='bbox 1456 3716 1706 3768; x_wconf 70' lang='lat' dir='ltr'><strong>malacia.</strong></span> <span class='ocrx_word' id='word_1_259' title='bbox 1727 3744 1793 3751; x_wconf 92' lang='lat'>—</span> <span class='ocrx_word' id='word_1_260' title='bbox 1808 3715 1830 3748; x_wconf 81' lang='lat'><strong>⁴</strong></span> <span class='ocrx_word' id='word_1_261' title='bbox 1855 3717 2022 3782; x_wconf 82' lang='lat' dir='ltr'><strong>capit.</strong></span> <span class='ocrx_word' id='word_1_262' title='bbox 2044 3745 2111 3752; x_wconf 92' lang='lat'><strong>—</strong></span> <span class='ocrx_word' id='word_1_263' title='bbox 2127 3713 2149 3747; x_wconf 88' lang='lat'>⁵</span> <span class='ocrx_word' id='word_1_264' title='bbox 2174 3728 2356 3780; x_wconf 84' lang='lat' dir='ltr'><strong>quam.</strong></span> 
     </span>
     <span class='ocr_line' id='line_1_34' title="bbox 267 3798 2282 3868; baseline -0.007 -7"><span class='ocrx_word' id='word_1_265' title='bbox 267 3835 337 3849; x_wconf 90' lang='lat'>—</span> <span class='ocrx_word' id='word_1_266' title='bbox 350 3805 376 3841; x_wconf 77' lang='lat'>⁸</span> <span class='ocrx_word' id='word_1_267' title='bbox 398 3806 658 3861; x_wconf 79' lang='lat' dir='ltr'><strong>dividere.</strong></span> <span class='ocrx_word' id='word_1_268' title='bbox 678 3802 778 3842; x_wconf 71' lang='lat'>-&#39;-⁷</span> <span class='ocrx_word' id='word_1_269' title='bbox 803 3802 1031 3856; x_wconf 79' lang='lat' dir='ltr'><strong>finibus.</strong></span> <span class='ocrx_word' id='word_1_270' title='bbox 1047 3830 1115 3839; x_wconf 95' lang='lat'>—</span> <span class='ocrx_word' id='word_1_271' title='bbox 1128 3801 1149 3835; x_wconf 83' lang='lat'>⁸</span> <span class='ocrx_word' id='word_1_272' title='bbox 1171 3804 1358 3868; x_wconf 70' lang='lat' dir='ltr'><strong>nuper.</strong></span> <span class='ocrx_word' id='word_1_273' title='bbox 1378 3826 1447 3837; x_wconf 92' lang='lat'>—</span> <span class='ocrx_word' id='word_1_274' title='bbox 1461 3798 1485 3832; x_wconf 83' lang='lat'><strong>⁹</strong></span> <span class='ocrx_word' id='word_1_275' title='bbox 1507 3800 1746 3865; x_wconf 64' lang='lat' dir='ltr'><strong>putavit.</strong></span> <span class='ocrx_word' id='word_1_276' title='bbox 1762 3827 1830 3836; x_wconf 93' lang='lat'>—</span> <span class='ocrx_word' id='word_1_277' title='bbox 1845 3798 1885 3832; x_wconf 90' lang='lat'><strong>¹⁰</strong></span> <span class='ocrx_word' id='word_1_278' title='bbox 1910 3800 2056 3851; x_wconf 82' lang='lat' dir='ltr'><strong>dum.</strong></span> <span class='ocrx_word' id='word_1_279' title='bbox 2280 3804 2282 3806; x_wconf 74' lang='grc'><strong><em>’</em></strong></span> 
     </span>
    </p>
   </div>
   <div class='ocr_carea' id='block_1_5' title="bbox 2431 890 2457 945">
    <p class='ocr_par' dir='ltr' id='par_1_6' title="bbox 2431 890 2457 945">
     <span class='ocr_line' id='line_1_35' title="bbox 2431 890 2457 945; baseline 0 0"><span class='ocrx_word' id='word_1_280' title='bbox 2431 890 2457 945; x_wconf 85' lang='grc'><strong><em>5</em></strong></span> 
     </span>
    </p>
   </div>
   <div class='ocr_carea' id='block_1_6' title="bbox 2398 1659 2457 1695">
    <p class='ocr_par' dir='ltr' id='par_1_7' title="bbox 2398 1659 2457 1695">
     <span class='ocr_line' id='line_1_36' title="bbox 2398 1659 2457 1695; baseline 0.017 -1"><span class='ocrx_word' id='word_1_281' title='bbox 2398 1659 2457 1695; x_wconf 90' lang='lat'><strong>10</strong></span> 
     </span>
    </p>
   </div>
   <div class='ocr_carea' id='block_1_7' title="bbox 2400 2163 2456 2215">
    <p class='ocr_par' dir='ltr' id='par_1_8' title="bbox 2400 2163 2456 2215">
     <span class='ocr_line' id='line_1_37' title="bbox 2400 2163 2456 2215; baseline 0 0"><span class='ocrx_word' id='word_1_282' title='bbox 2400 2163 2456 2215; x_wconf 85' lang='lat'><strong>¹5</strong></span> 
     </span>
    </p>
   </div>
   <div class='ocr_carea' id='block_1_8' title="bbox 2395 2665 2458 2700">
    <p class='ocr_par' dir='ltr' id='par_1_9' title="bbox 2395 2665 2458 2700">
     <span class='ocr_line' id='line_1_38' title="bbox 2395 2665 2458 2700; baseline 0.016 -1"><span class='ocrx_word' id='word_1_283' title='bbox 2395 2665 2458 2700; x_wconf 90' lang='lat'><strong>20</strong></span> 
     </span>
    </p>
   </div>
   <div class='ocr_carea' id='block_1_9' title="bbox 2396 3169 2458 3222">
    <p class='ocr_par' dir='ltr' id='par_1_10' title="bbox 2396 3169 2458 3222">
     <span class='ocr_line' id='line_1_39' title="bbox 2396 3169 2458 3222; baseline 0 0"><span class='ocrx_word' id='word_1_284' title='bbox 2396 3169 2458 3222; x_wconf 82' lang='lat'><strong>25</strong></span> 
     </span>
    </p>
   </div>
  </div>
 </body>
</html>
