2819 4297
342 273 468 350 298
1158 272 1356 334 Notes
1376 294 1401 335 .·
1456 270 1688 336 Ccesar.
2346 274 2430 341 [B.
2456 275 2519 324 G.

418 462 711 511 Ariovistus
723 478 803 511 me
815 462 1031 511 consule
1057 499 1068 513 .
1094 499 1107 512 .
1133 499 1145 511 .
1170 462 1352 525 populi
1368 461 1595 510 Romani
1610 459 1890 509 amicitiam
1903 460 2144 522 adpetiit:
2163 474 2255 508 cur
2268 459 2407 507 hunc
2431 496 2443 508 .
2469 495 2482 508 .
2509 493 2522 506 .

335 545 608 609 quisquam
624 545 691 594 ab
707 545 877 594 officio
894 545 1243 594 discessurum
1264 547 1488 594 iudicet?
1543 546 1688 592 Mihi
1705 544 1919 608 quidem
1926 544 2282 606 persuadetur,
2299 540 2523 606 cognitis

334 631 456 677 meis
479 615 757 692 pbstulatis
783 667 793 677 .
820 667 831 677 .
859 667 869 678 .
898 645 1018 677 eum
1035 644 1207 693 neque
1228 646 1388 678 meam
1416 644 1588 691 neque
1608 628 1790 691 populi
1812 626 2037 675 Romani
2054 626 2272 690 gratiam
2292 625 2523 689 repudia-

333 720 520 761 turum.
592 712 752 772 Quod
778 713 824 760 si
847 712 1023 761 furore
1050 749 1061 761 .
1089 750 1099 761 .
1127 751 1137 761 .
1165 713 1419 775 impulsus
1454 712 1651 760 bellum
1679 712 1928 768 intulerit,
1959 709 2085 774 quid
2117 709 2330 758 tandem
2358 725 2522 758 verea-

332 798 509 844 mini?
531 805 621 844 aut
639 811 730 845 cur
744 796 809 844 de
826 804 991 845 vestra
1011 796 1201 844 virtute
1221 803 1310 844 aut
1330 795 1396 843 de
1413 812 1523 844 mea
1543 794 1811 858 diligentia
1825 795 2089 856 desperetis
2101 795 2127 842 ?
2169 794 2388 841 Factum
2406 791 2518 858 (est)

332 881 443 928 eius
467 880 636 928 hostis
660 880 947 944 periculum
972 918 982 928 .
1010 917 1021 928 .
1049 899 1090 938 .;
1114 880 1315 928 factum
1343 878 1457 944 (est)
1481 878 1640 927 etiam
1655 893 1822 941 nuper
1839 878 1891 925 in
1912 877 2068 925 Italia
2084 877 2257 926 servili
2277 877 2518 933 tumultu,

331 979 464 1027 quos
490 972 663 1012 tamen
687 963 884 1028 aliquid
908 979 1036 1012 usus
1062 978 1121 1011 ac
1146 963 1421 1027 disciplina
1445 978 1603 1026 quam
1631 977 1663 1011 a
1690 961 1843 1010 nobis
1865 968 2162 1023 acceperant
2181 961 2519 1010 sublevabant.

331 1047 412 1094 Ex
449 1062 554 1110 quo
593 1047 808 1096 iudicari
839 1055 1004 1111 potest
1042 1054 1296 1111 quantum
1333 1048 1514 1095 habeat
1547 1047 1597 1094 in
1633 1061 1691 1094 se
1726 1044 1852 1093 boni
1894 1045 2206 1102 constantia,
2242 1052 2521 1108 propterea

330 1130 487 1195 quod,
514 1147 647 1195 quos
672 1169 684 1180 .
710 1169 723 1181 .
749 1170 760 1181 .
786 1132 997 1180 inermis
1030 1132 1143 1180 sine
1179 1146 1338 1180 causa
1369 1132 1616 1179 timuistis
1653 1128 1989 1195 (timueritis),
2015 1129 2113 1177 hos
2143 1137 2334 1192 postea
2361 1143 2520 1176 arma·

329 1223 413 1263 tos
437 1218 782 1278 superavistis.

415 1300 656 1364 Denique
692 1301 752 1348 hi
775 1307 900 1348 sunt
929 1302 1057 1349 idem
1099 1301 1350 1349 Germani
1381 1297 1694 1363 quibuscum
1725 1313 2105 1361 saepenumero
2141 1297 2375 1345 Helvetii
2403 1312 2518 1345 con-

327 1384 505 1448 gressi,
538 1399 643 1432 non
675 1385 847 1432 solum
882 1385 934 1432 in
969 1385 1078 1433 suis
1113 1384 1209 1432 sed
1242 1384 1401 1432 etiam
1433 1384 1484 1431 in
1518 1383 1725 1431 illorum
1749 1380 1957 1439 finibus,
1983 1383 2289 1445 plerumque
2318 1389 2519 1444 supera-

328 1474 549 1524 verunt‚·
585 1467 675 1531 qui
712 1475 887 1516 tamen
924 1483 1076 1530 pares
1115 1483 1232 1516 esse
1274 1466 1752 1515 nostro'exercitui
1792 1481 1898 1513 non
1925 1472 2218 1528 potuerunt.
2293 1464 2350 1513 Si
2384 1480 2518 1529 quos

327 1550 604 1599 adversum
637 1551 894 1613 proelium
919 1588 930 1599 .
957 1589 968 1600 .
996 1588 1007 1599 .
1033 1558 1316 1608 commovet,
1350 1552 1418 1608 hi,
1445 1551 1490 1599 si
1525 1556 1774 1614 quaerent
1807 1547 2123 1613 (quaerant),
2158 1549 2379 1612 reperire
2409 1556 2519 1611 pos·

325 1641 451 1681 sunt
473 1671 483 1682 .
511 1671 522 1682 .
550 1671 560 1682 .
588 1634 911 1682 Ariovistum
936 1670 947 1681 .
974 1671 985 1682 .
1013 1672 1024 1683 .
1051 1634 1315 1696 dispersos
1344 1634 1521 1682 subito
1550 1634 1809 1690 adortum,
1831 1632 1995 1696 magis
2020 1633 2219 1680 ratione
2246 1669 2257 1681 .
2283 1669 2295 1680 .
2323 1668 2334 1680 .
2361 1648 2518 1696 quam

327 1717 516 1765 virtute
544 1717 742 1765 vicisse.
817 1717 917 1765 Cui
942 1718 1130 1765 rationi
1153 1726 1336 1766 contra
1359 1718 1599 1771 homines
1623 1716 1873 1766 barbaros
1899 1754 1910 1765 .
1938 1751 1950 1764 .
1975 1753 1988 1765 .
2015 1716 2302 1782 locussuit‚
2328 1716 2426 1765 hac
2451 1732 2517 1765 ne

327 1804 431 1864 ipse
453 1800 665 1864 quidem
688 1808 860 1863 sperat
879 1808 1088 1850 nostros
1114 1802 1373 1850 exercitus
1398 1802 1514 1865 capi
1540 1817 1712 1866 posse.

412 1885 516 1945 Qui
541 1900 692 1933 suum
718 1885 958 1933 timorem
983 1885 1034 1933 in
1062 1885 1134 1933 rei
1157 1885 1525 1934 frumentariae
1561 1885 1951 1934 simulationem
1975 1923 1987 1934 .
2014 1922 2026 1934 .
2053 1922 2064 1934 .
2090 1885 2518 1950 conserunt,saci-

326 1976 424 2017 unt
443 1968 770 2032 adroganter,
796 1983 915 2017 cum
941 2006 951 2017 .
979 2008 989 2018 .
1019 2007 1029 2017 .
1056 1969 1121 2017 de
1147 1969 1319 2017 officio
1345 1969 1673 2032 imperatoris
1705 1969 1983 2033 desperare
2009 2006 2020 2018 .
2047 2007 2059 2018 .
2085 2007 2097 2018 .
2124 1970 2401 2017 videantur
2427 1969 2517 2033 (vi-

325 2051 551 2117 dentur).
625 2053 775 2101 Haec
811 2054 947 2100 mihi
979 2061 1106 2100 sunt
1144 2068 1326 2108 curae;
1363 2054 1685 2102 frumentum
1722 2055 1965 2118 Sequani,
1992 2089 2004 2100 .
2030 2089 2042 2102 .
2068 2090 2080 2102 .
2105 2054 2517 2110 subministrant,

325 2136 531 2201 iamque
555 2144 680 2186 sunt
700 2176 711 2186 .
739 2176 749 2187 .
778 2174 790 2185 .
815 2136 1077 2186 frumenta
1096 2145 1326 2193 matura;
1363 2136 1430 2185 de
1455 2137 1638 2187 itinere
1668 2138 1793 2200 (vos)
1822 2138 1922 2199 ipsi
1943 2175 1954 2186 .
1981 2174 1992 2186 .
2020 2175 2031 2186 .
2057 2137 2358 2187 iudicabitis.

411 2220 571 2281 Quod
606 2236 710 2269 non
746 2222 859 2269 fore
897 2221 1038 2269 dicto
1079 2221 1353 2269 audientes
1379 2259 1390 2269 .
1418 2259 1428 2269 .
1457 2259 1468 2270 .
1494 2223 1736 2270 dicimini
1771 2222 1936 2286 (more
1976 2220 2230 2286 probably
2272 2223 2520 2270 dicuntur

324 2305 549 2368 milites),
586 2305 713 2354 nihil
748 2305 871 2369 (ego)
911 2321 973 2353 ea
1009 2321 1061 2353 re
1097 2322 1407 2354 commoveor
1423 2322 1445 2363 ,·
1480 2308 1580 2354 scio
1615 2305 1767 2362 enim,
1805 2304 2220 2369 quibuscumque
2257 2305 2516 2354 exercitus

324 2389 465 2436 dicto
513 2388 731 2437 audiens
777 2405 882 2437 non
924 2389 1096 2445 fuerit,
1122 2426 1133 2437 .
1161 2427 1172 2438 .
1200 2428 1210 2437 .
1237 2390 1508 2438 avaritiam
1555 2404 1670 2437 esse
1713 2388 2035 2446 convictam;
2072 2405 2183 2437 mea
2224 2391 2515 2438 innocentia

323 2481 578 2535 perpetua
604 2473 723 2529 vita,
735 2473 965 2536 felicitas
989 2509 1000 2521 .
1028 2510 1039 2522 .
1067 2510 1078 2522 .
1104 2471 1245 2521 bello
1269 2481 1342 2521 est
1354 2480 1631 2535 perspecta.

407 2555 596 2619 Itaque
626 2556 749 2620 (ego)
779 2555 922 2619 quod
947 2594 957 2604 .
985 2593 996 2604 .
1024 2594 1034 2604 .
1062 2556 1364 2605 conlaturus
1378 2557 1479 2621 fui
1503 2558 1891 2619 repraesentabO,
1913 2564 1966 2605 et
1991 2595 2003 2607 .
2030 2594 2041 2606 .
2068 2594 2081 2606 .
2107 2564 2280 2605 castra
2302 2558 2513 2614 movebo,

324 2646 380 2688 ut
407 2676 418 2687 .
445 2676 456 2687 .
484 2676 494 2687 .
521 2639 823 2703 intellegere
843 2641 1034 2702 possim
1070 2647 1244 2688 utrum
1279 2639 1421 2703 apud
1455 2657 1542 2688 vos
1576 2640 1748 2704 pudor
1770 2678 1783 2691 .
1809 2677 1822 2689 .
1848 2677 1860 2687 .
1886 2657 1952 2689 an
1989 2641 2147 2689 timor
2177 2641 2297 2705 plus
2329 2643 2510 2691 valeat.

325 2723 486 2783 Quod
509 2723 554 2771 si
580 2732 850 2786 praeterea
873 2739 1028 2771 nemo
1053 2727 1303 2788 sequetur,
1330 2731 1507 2772 tamen
1531 2724 1656 2789 (ego)
1677 2740 1798 2773 cum
1820 2725 1937 2785 sola
1959 2725 2165 2774 decima
2189 2725 2396 2789 legione
2421 2726 2512 2782 ibo,

324 2807 388 2856 de
415 2822 519 2870 qua
542 2822 648 2855 non
673 2808 858 2864 dubito,
885 2809 1114 2871 mihique
1135 2826 1192 2856 ea
1207 2810 1479 2871 praetoria
1503 2810 1678 2857 cohors
1701 2811 1812 2858 erit.

408 2892 536 2939 This
560 2892 769 2954 speech,
796 2907 895 2939 one
923 2892 980 2940 of
1008 2892 1097 2939 the
1123 2899 1262 2940 most
1297 2892 1637 2951 remarkable,
1663 2893 1704 2941 if
1726 2901 1819 2941 not
1845 2893 1904 2941 of
1927 2894 2016 2942 the
2042 2901 2180 2942 most
2204 2894 2429 2952 famous,
2455 2894 2514 2943 of

320 2975 591 3040 antiquity‚
624 2982 825 3039 stamps
863 2975 1043 3024 Caesar
1067 2992 1125 3024 as
1162 2991 1192 3023 a
1227 2984 1589 3025 consummate
1624 2984 1802 3025 orator
1831 2992 1888 3025 as
1922 2978 2037 3026 well
2061 2993 2119 3026 as
2147 2993 2214 3026 an
2247 2977 2364 3026 able
2393 2994 2512 3042 gen·

322 3058 440 3106 eral.
515 3058 616 3106 His
641 3058 809 3107 whole
833 3059 1072 3107 fortunes
1097 3075 1214 3125 may
1237 3059 1303 3107 be
1329 3059 1445 3108 said
1469 3067 1525 3108 to
1550 3060 1683 3108 have
1704 3060 1981 3124 depended
1999 3077 2069 3109 on
2095 3061 2200 3110 this
2218 3062 2509 3126 campaign,

320 3150 372 3190 at
398 3142 487 3190 the
513 3150 689 3191 outset
721 3143 778 3191 of
811 3143 975 3192 which
1015 3144 1082 3191 he
1115 3143 1158 3191 is
1192 3144 1506 3192 confronted
1537 3145 1661 3192 with
1691 3159 1723 3192 a
1750 3145 1963 3210 mutiny.
2037 3145 2113 3210 By
2139 3145 2242 3193 this
2277 3145 2511 3212 skilfully

318 3226 590 3274 contrived
618 3225 850 3283 addreSS,
882 3226 934 3274 in
966 3227 1136 3275 which
1166 3227 1233 3275 he
1269 3228 1473 3291 glosses
1501 3243 1628 3275 over
1656 3228 1745 3275 the
1779 3228 2074 3277 difficulties
2110 3229 2168 3278 of
2206 3229 2294 3277 the
2327 3229 2511 3278 under-

319 3309 513 3374 taking,
552 3309 720 3359 which
759 3295 837 3358 he⁶
869 3318 1006 3359 must
1045 3311 1178 3358 have
1214 3311 1404 3360 known
1444 3312 1574 3367 well,
1614 3312 1681 3359 he
1723 3312 1984 3360 contrives
2019 3320 2076 3360 to
2112 3313 2303 3376 inspire
2339 3313 2391 3361 in
2427 3314 2509 3362 his

317 3393 535 3442 soldiers
582 3394 672 3442 the
713 3395 917 3442 Roman
958 3394 1121 3456 spirit,
1157 3394 1326 3442 which
1363 3410 1470 3443 was
1512 3394 1788 3444 invincible
1824 3397 2101 3445 whenever
2134 3397 2172 3445 it
2208 3412 2314 3445 was
2350 3397 2510 3463 really

318 3478 522 3526 roused.
585 3477 806 3525 Caesar’s
832 3479 1146 3525 marvellous
1170 3485 1427 3541 conquest
1454 3479 1511 3526 of
1535 3478 1671 3527 Gaul
1704 3479 1981 3542 depended
2006 3481 2148 3544 quite
2173 3496 2231 3529 as
2256 3480 2412 3529 much
2438 3496 2508 3529 on

317 3560 407 3609 the
433 3561 679 3609 devotion
707 3561 765 3609 of
787 3560 868 3608 his
893 3560 1113 3609 soldiers
1139 3577 1196 3609 as
1223 3577 1291 3609 on
1319 3562 1398 3610 his
1425 3562 1740 3625 unequalled
1763 3562 1943 3629 ability
1967 3579 2025 3611 as
2049 3579 2080 3612 a
2103 3565 2329 3628 general.

400 3644 478 3693 34
501 3654 555 3693 25
601 3657 692 3695 cur
725 3644 1016 3708 quisquam
1051 3644 1329 3702 iudicaret,
1366 3646 1485 3707 why
1518 3646 1708 3693 should
1734 3663 1840 3709 any
1875 3663 1967 3694 one
2004 3648 2155 3696 think
2176 3649 2201 3696 ?
2271 3648 2375 3696 For
2416 3648 2507 3697 the

314 3727 450 3775 form
483 3727 541 3775 of
574 3727 833 3790 question,
859 3743 948 3775 see
984 3727 1144 3793 §586
1171 3729 1342 3793 (338);
1381 3728 1438 3777 B.
1466 3741 1577 3793 315·
1605 3743 1664 3793 33
1703 3729 1766 3778 G.
1794 3728 1906 3793 651.
1933 3729 2036 3786 R.²;
2078 3730 2146 3778 H.
2173 3729 2284 3791 642.
2313 3745 2342 3795 3
2371 3731 2504 3796 (5²3-

316 3810 364 3859 ii.
408 3810 513 3873 N.);
561 3810 634 3860 cf.
680 3811 823 3859 H-B.
871 3824 978 3876 513.
1027 3825 1045 3859 1
1096 3810 1228 3875 (din,
1270 3797 1473 3868 iudicet,
1515 3811 1680 3859 dubit.
1722 3810 1936 3877 suij.).
2026 3813 2131 3861 For
2170 3812 2261 3862 the
2308 3829 2403 3863 use
2449 3813 2508 3862 of
