2819 4297
269 268 325 315 Β.
354 269 418 315 G.
447 268 513 315 V.
541 265 643 332 52·]
784 255 986 318 Freslz
1031 256 1316 338 Rz'sz'ngs
1363 256 1446 336 qs
1480 255 1588 317 tlte
1640 254 1868 318 Gaul&
2238 270 2349 336 151

263 448 543 525 pericule
588 447 813 507 vallem
860 457 1179 525 rivumque
1230 442 1563 506 transiret.¹
1650 449 1854 506 Prima
1910 448 2044 506 luce
2090 447 2360 506 hostium

263 550 577 626 equitetus
650 549 729 607 ad
802 557 1006 606 castra
1076 545 1355 606 accedit²
1425 547 1849 624 proeliumque
1921 567 2060 606 cum
2133 556 2359 606 nostris

260 649 578 725 equitibus
650 647 990 708 committit.
1111 649 1345 708 Caesar
1418 649 1704 707 censulte
1789 647 2030 723 equites
2103 644 2361 706 cedere⁸

260 756 456 825 seque
506 749 569 807 in
622 758 823 807 castra
862 748 1134 824 recipere
1185 748 1397 821 iubet3
1448 748 1625 806 simul
1657 766 1733 806 ex
1762 748 2049 806 omnibus
2079 747 2357 823 partibus

258 861 468 910 castra
514 849 728 908 altiere
771 848 935 908 valle
986 857 1209 906 muniri
1260 857 1593 925 portasque
1637 847 1872 907 obstrui
1916 857 2102 922 atque
2148 848 2207 905 in
2262 848 2357 907 his
2429 867 2456 921 5

260 945 809 1009 administrandis*
858 949 1043 1007 rebus
1109 968 1293 1024 quam
1366 947 1628 1007 maxime
1689 956 2044 1007 concursari
2090 957 2152 1006 et
2217 966 2357 1006 cum

258 1048 657 1108 simulatione
689 1058 787 1125 agi
816 1049 1054 1108 timoris
1084 1049 1272 1108 iubet.

558 1232 613 1272 In
640 1231 726 1272 the
754 1231 936 1273 Attack
962 1232 1129 1273 which
1159 1232 1376 1272 Follows
1403 1231 1489 1272 the
1517 1230 1707 1281 Enemy
1735 1242 1817 1271 are
1845 1230 2052 1272 Routed.

344 1358 443 1407 51.
505 1350 749 1424 Quibus
809 1350 1097 1409 omnibus
1154 1350 1337 1408 rebus
1390 1350 1602 1408 hostes
1652 1348 1891 1407 invitati
1911 1346 1933 1380 ⁶
1978 1348 2189 1424 cepies
2240 1356 2356 1408 tra-

259 1452 499 1510 ducunt
529 1450 849 1526 aciemque
879 1451 1092 1526 inique
1116 1451 1253 1509 loce
1284 1450 1702 1522 Censtituunt3
1750 1457 1976 1507 nostris
2000 1455 2144 1508 vero
2169 1449 2353 1506 etiam

260 1551 341 1609 de
374 1550 539 1610 valle
571 1550 855 1610 deductis
887 1550 1138 1627 propius
1180 1550 1486 1609 accedunt
1516 1560 1577 1609 et
1607 1549 1731 1609 tela
1759 1549 1922 1608 intre.
1952 1548 2353 1608 munitienem
2395 1576 2454 1611 10

258 1670 337 1710 ex
368 1650 657 1710 omnibus
687 1650 964 1727 partibus
988 1649 1299 1709 coniciunt
1341 1649 1874 1727 praeconibusque
1919 1648 2354 1709 circummissis

259 1751 649 1829 prenuntiari
695 1750 925 1822 iubent,
960 1769 1069 1809 seu
1102 1751 1238 1826 quis
1268 1750 1486 1810 Gallus
1528 1769 1635 1809 seu
1681 1752 2000 1809 Romanus
2030 1748 2175 1808 velit
2212 1758 2354 1808 ante

259 1853 481 1910 heram
513 1851 756 1910 tertiam
809 1851 887 1909 ad
936 1857 1002 1909 se
1049 1859 1321 1922 transire,
1355 1850 1490 1908 sine
1542 1850 1816 1927 pericule
1848 1850 2071 1921 licere;
2118 1859 2259 1927 post
2288 1848 2353 1907 id

259 1962 511 2027 tempus
542 1957 664 2008 nen
698 1951 828 2009 fore
862 1959 1249 2026 potestatem.
1338 1952 1431 2008 Ac
1464 1959 1553 2008 sic
1583 1956 1829 2007 nostres
1854 1956 2354 2025 contempserunt

259 2061 331 2111 ut
361 2052 691 2110 obstructis
730 2051 791 2108 in
824 2036 1089 2126 speciem
1121 2059 1312 2127 portis
1353 2051 1612 2126 singulis
1642 2049 1960 2109 ordinibus
1991 2049 2349 2125 caespitum,
2395 2074 2453 2127 15

259 2151 434 2230 quod
494 2160 567 2211 ee
624 2160 749 2211 non
809 2171 993 2228 posse
1054 2151 1503 2229 introrumpere
1555 2150 1936 2222 videbantur,
1986 2150 2085 2209 alii
2130 2151 2355 2209 vallum

260 2263 451 2311 manu
484 2252 783 2324 scindere,
813 2251 912 2309 alii
936 2252 1137 2310 fossas
1163 2252 1469 2328 complere
1495 2251 1850 2326 inciperent.
1939 2251 2099 2309 Tum
2126 2253 2355 2310 Caesar

259 2353 556 2413 omnibus
588 2362 783 2429 portis
815 2352 1135 2429 eruptiene
1177 2351 1342 2410 facta
1373 2352 1772 2426 equitatuque
1820 2352 2046 2410 emisse
2077 2352 2354 2411 celeriter

260 2456 464 2511 hostis
496 2453 557 2511 in
587 2454 796 2530 fugam
821 2454 946 2524 dat,
974 2461 1062 2511 sic
1093 2460 1180 2509 uti
1202 2458 1455 2510 omnine
1478 2451 1794 2528 pugnandi
1824 2460 2012 2511 causa
2043 2452 2356 2511 resisteret

262 2560 495 2625 nem63
541 2561 954 2631 magnumque
1006 2570 1082 2610 ex
1132 2560 1223 2610 eis
1273 2570 1593 2610 numerum
1644 2551 1873 2611 occidit
1921 2562 2104 2627 atque
2154 2562 2355 2611 omnis
2394 2575 2456 2610 20

266 2661 457 2712 armis
488 2653 673 2713 exuit.

319 2835 489 2878 Caesar
510 2836 731 2878 Reaches
751 2836 836 2878 the
863 2836 1016 2887 eamp
1036 2836 1086 2877 of
1116 2836 1285 2878 Cicero
1305 2838 1401 2877 and
1430 2836 1806 2887 Congratulates
1835 2837 1938 2879 him
1959 2839 2055 2878 and
2074 2838 2152 2879 his
2180 2838 2295 2879 Men

963 2914 1025 2943 on
1052 2903 1181 2944 their
1208 2904 1405 2944 Gallant
1434 2903 1659 2944 Defense.

354 3030 447 3078 52.
509 3022 781 3099 Longius
839 3030 1130 3098 prosequi
1188 3022 1433 3094 verituS‚
1491 3023 1656 3098 quod
1715 3023 1904 3083 silvae
1976 3023 2356 3100 paludesque

267 3121 737 3181 intercedebant
810 3122 1045 3202 [neque
1118 3122 1301 3181 etiam
1375 3122 1632 3198 parvule
1690 3123 2060 3183 detrimente
2119 3123 2355 3182 illerum

268 3221 472 3280 locum
517 3220 778 3297 relinqui
825 3221 1131 3301 videbat]‚
1169 3222 1454 3280 omnibus
1508 3231 1636 3280 suis
1684 3222 2092 3281 incolumibus
2139 3221 2357 3281 eedem

268 3321 370 3379 die
415 3321 494 3379 ad
558 3321 919 3380 Cicerenem
979 3322 1275 3398 pervenit.
1364 3308 1725 3380 institutasss
1779 3331 1980 3394 turris,
2014 3322 2355 3382 testudines
2395 3340 2456 3393 25

272 3424 769 3497 munitienesque
824 3420 1090 3502 hostium
1157 3421 1529 3490 admiratum
1614 3419 1911 3496 preducta
1970 3420 2208 3497 legione
2261 3428 2358 3479 ce-

270 3523 518 3601 gnescit
555 3530 678 3580 non
720 3521 1024 3580 decimum
1067 3538 1368 3594 quemque
1408 3538 1546 3577 esse
1588 3518 1888 3593 reliquum
1931 3521 2181 3579 militem
2223 3520 2355 3578 sine

365 3690 447 3738 Cf.
474 3688 493 3730 .1
517 3690 1001 3751 transgrederetur.
1028 3716 1096 3723 —
1118 3685 1140 3717 2
1163 3684 1491 3747 adgreditur.
1522 3713 1590 3720 —
1616 3682 1638 3714 ⁸
1661 3685 1855 3748 pedem
1884 3683 2095 3736 referre.
2127 3714 2195 3721 —
2221 3685 2242 3717 4
2266 3699 2357 3749 ge-

272 3773 474 3824 rendis.
502 3798 568 3806 —
590 3769 612 3802 ⁵
635 3771 851 3821 adlecti.
878 3800 946 3806 —
967 3769 989 3801 ⁶
1014 3769 1334 3820 exstructis.
