2819 4297
488 272 614 348 164
1225 268 1355 330 lee
1407 266 1628 330 Gallie
1681 267 1848 330 War.
2339 277 2568 343 [CAESAR

771 506 1005 549 Customs
1026 508 1077 549 o!
1095 507 1181 548 the
1200 507 1371 549 Gauls.
1430 506 1533 548 The
1561 507 1682 548 Two
1703 506 1892 547 Parties
1912 517 2094 559 among
2111 506 2266 548 them.

561 633 656 682 11.
706 626 1017 700 Quoniam
1048 627 1128 686 ad
1157 627 1322 686 hunc
1363 626 1568 686 locum
1607 634 1970 703 perventum
2000 635 2113 698 est,
2146 632 2274 684 nen
2302 625 2572 684 alienum

478 744 617 786 esse
647 724 887 785 videtur
918 726 995 785 de
1026 726 1265 787 Galliae
1303 726 1796 802 Germaniaeque
1842 725 2116 785 meribus
2156 733 2220 783 et
2248 732 2373 802 que
2403 725 2573 785 diffe-

479 835 618 886 rant
645 827 763 887 hae
795 827 1079 886 natienes
1109 827 1267 887 inter
1297 834 1433 886 sese
1463 834 1823 904 prepenere.

355 998 359 1003 Ι
565 929 640 986 In
689 927 895 987 Gallia
944 935 1071 987 nen
1124 928 1324 987 selum
1382 928 1453 985 in·
1503 927 1792 986 omnibus
1849 925 2202 986 civitatibus
2260 936 2449 1003 atque
2508 927 2573 986 in

417 1027 768 1100 somnibus
819 1035 995 1105 pagis
1047 1027 1470 1105 partibusque,
1526 1028 1638 1087 sed
1690 1046 1889 1104 paene
1946 1026 2131 1086 etiam
2189 1026 2253 1086 in
2312 1026 2573 1105 singulis

479 1128 765 1188 domibus
794 1128 1101 1188 factienes
1131 1138 1303 1201 sunt3
1350 1137 1685 1205 earumque
1714 1127 2055 1187 sactienum
2084 1127 2396 1204 principes
2428 1137 2573 1187 sunt

480 1238 586 1306 qui
630 1247 932 1289 summam
978 1228 1401 1289 aucteritatem
1427 1225 1446 1259 ¹
1489 1236 1700 1288 eerum
1758 1225 2029 1288 iadicie²
2082 1227 2311 1287 habere
2370 1227 2574 1287 existi-

478 1339 739 1403 mantur,
774 1337 1034 1407 querum
1080 1330 1161 1390 ad
1204 1329 1523 1389 arbitrium
1567 1328 1982 1405 indiciumque
2027 1346 2266 1388 summa
2296 1328 2572 1388 omnium

477 1437 679 1489 rerum
724 1429 1247 1507 censilierumque
1291 1426 1547 1490 redeat.³
1633 1430 1831 1506 quue
1876 1428 2009 1488 eius
2053 1437 2143 1488 rei
2186 1437 2375 1487 eausa
2418 1438 2571 1488 anti-

386 1554 442 1590 ιο
479 1531 688 1608 quitus
720 1531 1065 1589 institfitum
1097 1531 1354 1602 videtur,
1391 1537 1470 1589 ne
1501 1530 1639 1607 quis
1684 1550 1759 1590 ex
1811 1530 1990 1607 plebe
2022 1537 2238 1588 contra
2268 1529 2573 1605 potentie-

477 1649 605 1691 rem
638 1630 825 1689 auxili
845 1637 1077 1708 egeret;
1099 1627 1122 1661 ⁴
1144 1638 1290 1690 sues
1311 1630 1475 1690 enim
1498 1630 1759 1707 quisque
1779 1629 2044 1707 opprimi
2063 1638 2126 1688 et
2142 1629 2572 1689 circumveniri

477 1737 602 1790 nen
636 1730 885 1806 patitur,
918 1749 1139 1807 neque,
1176 1730 1352 1789 aliter
1396 1737 1450 1789 si
1492 1730 1696 1801 faciat,
1732 1729 1917 1788 sillam
1961 1729 2121 1788 inter
2164 1736 2310 1788 sues
2340 1728 2573 1790 habeat

478 1829 925 1891 aucteritatem.
1049 1832 1230 1889 Haec
1290 1829 1510 1889 eadem
1575 1829 1732 1889 ratie
1791 1839 1886 1888 est
1944 1829 2008 1888 in
2067 1838 2305 1888 summa
2376 1836 2569 1889 tetius

478 1929 754 2003 Galliae3
787 1949 1053 2007 namque
1085 1936 1301 1989 omnes
1327 1930 1608 1989 civitates
1633 1929 1868 1989 divisae
1897 1928 2129 1988 suntin
2153 1928 2309 1988 duas
2333 1927 2572 2005 partiS.⁵

576 2093 822 2137 Influence
848 2095 900 2137 of
926 2095 1013 2136 the
1041 2096 1261 2136 Romans
1287 2105 1418 2145 upon
1446 2094 1531 2135 the
1559 2094 1813 2135 Relations
1841 2094 1892 2135 o!
1917 2093 2003 2135 the
2031 2094 2220 2135 Parties
2245 2094 2296 2135 in
2324 2094 2466 2136 Gaul.

1175 2163 1313 2213 They
1332 2162 1496 2203 Favor
1519 2162 1607 2203 the
1635 2162 1846 2203 Haedui.
2136 2177 2139 2180 ¹

381 2304 437 2354 ¹5
557 2291 651 2340 12.
702 2284 862 2343 Cum
899 2284 1132 2343 Caesar
1161 2280 1225 2339 in
1262 2279 1529 2341 Galliam
1575 2281 1759 2352 venit,
1794 2280 2043 2341 alterius
2087 2281 2379 2341 factienis
2408 2290 2570 2358 prin-

473 2384 642 2460 cipes
701 2392 877 2442 erant
941 2382 1213 2455 Haedui,
1277 2381 1529 2441 alterius
1591 2382 1877 2457 Sequani.
1969 2383 2074 2454 Hi,
2134 2401 2274 2441 cum
2331 2400 2443 2458 per
2500 2389 2568 2441 se

472 2482 677 2542 minus
698 2479 721 2514 ⁸
749 2484 1026 2542 valerent
1061 2481 1258 2561 (quod
1302 2500 1542 2539 summa
1587 2481 1917 2541 aucteritas
1965 2481 2303 2557 antiquitus
2340 2491 2472 2541 erat
2502 2481 2568 2541 in

474 2584 760 2643 Haeduis
822 2592 1208 2661 magnaeque
1279 2589 1493 2641 eerum
1551 2591 1727 2642 erant
1784 2580 2156 2663 clientelae),
2219 2583 2566 2641 Germanas

471 2694 657 2759 atque
703 2683 1082 2743 Ariovistum
1130 2681 1251 2742 sibi
1297 2679 1754 2741 adiunxerant⁷
1798 2689 2030 2759 eesque
2082 2682 2161 2741 ad
2207 2689 2273 2741 se
2322 2691 2566 2759 magnis

374 2802 435 2838 20
471 2780 761 2844 iactaris⁸
816 2782 1497 2861 pollicitatienibusque
1555 2783 1984 2860 perdfixerant.
2103 2783 2360 2842 Proeliis
2416 2789 2566 2844 vere

468 2884 887 2962 compluribus
916 2884 1101 2943 sactis
1135 2883 1428 2943 secundis
1474 2893 1658 2959 atque
1703 2891 1871 2941 omni
1915 2883 2236 2943 nebilitate
2270 2883 2564 2943 Haedus>-

468 3005 599 3044 rum
633 2984 973 3056 intersecta,
1008 2993 1250 3043 tantum
1280 2980 1599 3061 potentia⁹
1628 2992 2091 3043 antecesserant
2108 2979 2150 3015 ¹⁰
2178 2992 2244 3041 ut
2275 2991 2562 3059 magnam

468 3095 706 3162 partem
740 3083 1057 3143 clientium
1090 3085 1169 3144 ab
1204 3083 1492 3142 Haeduis
1525 3083 1604 3142 ad
1651 3090 1717 3142 se
1763 3082 2154 3143 traducerent
2184 3082 2564 3160 obsidesque

467 3186 544 3245 ab
576 3187 673 3245 his
703 3183 1049 3262 principum
1079 3184 1249 3244 filies
1281 3183 1652 3261 acciperent,
1680 3193 1743 3242 et
1772 3182 2016 3260 pflblice
2048 3182 2243 3242 iurare
2267 3189 2564 3259 cogerent

367 3308 428 3362 ²5
465 3285 615 3344 nihil
647 3292 716 3345 se
747 3294 962 3345 contra
1010 3286 1334 3361 Sequanes
1378 3283 1600 3343 censili
1644 3282 1997 3358 initureS,et
2027 3293 2265 3360 partem
2308 3282 2563 3342 finitimi

464 3394 593 3463 agri
622 3405 733 3464 per
761 3385 884 3446 vim
923 3393 1289 3462 occupatam
1329 3383 1741 3461 possiderent,
1777 3382 2144 3459 Galliaeque
2178 3390 2367 3442 tetius
2396 3391 2562 3460 prin-

462 3486 734 3564 cipatum
779 3485 1149 3546 obtinerent.
1239 3485 1381 3559 Qua
1426 3482 1795 3543 necessitate
1840 3483 2147 3543 adductus
2201 3480 2561 3543 Diviciacus

546 3620 628 3669 Cf.
649 3618 670 3653 ¹
689 3619 996 3684 imperium.
1016 3617 1120 3656 -2
1142 3616 1437 3669 sententia.
1454 3614 1558 3652 —8
1579 3618 1899 3668 revertatur.
1916 3615 2018 3654 —4
2041 3618 2262 3683 careret,
2287 3631 2347 3665 w.
2372 3614 2475 3665 abl.
2490 3644 2561 3655 —

457 3700 482 3735 ⁵
505 3702 791 3756 factienes.
817 3732 886 3740 —
904 3703 927 3736 ⁶
951 3705 1076 3755 nen.
1102 3730 1170 3739 —
1191 3700 1212 3734 ⁷
1234 3700 1602 3752 adsciverant.
1618 3728 1687 3737 —
1701 3698 1724 3732 ⁸
1747 3700 2028 3764 praemiis.
2046 3728 2116 3737 —
2129 3698 2154 3733 ⁹
2176 3700 2470 3766 potestate.
2489 3727 2560 3737 —

458 3784 502 3820 ¹⁰
526 3787 938 3853 praestiterant.
