<?xml version="1.0" encoding="UTF-8"?>
<!DOCTYPE html PUBLIC "-//W3C//DTD XHTML 1.0 Transitional//EN"
    "http://www.w3.org/TR/xhtml1/DTD/xhtml1-transitional.dtd">
<html xmlns="http://www.w3.org/1999/xhtml" xml:lang="en" lang="en">
 <head>
  <title>
</title>
<meta http-equiv="Content-Type" content="text/html;charset=utf-8" />
  <meta name='ocr-system' content='tesseract 3.04.00' />
  <meta name='ocr-capabilities' content='ocr_page ocr_carea ocr_par ocr_line ocrx_word'/>
</head>
<body>
  <div class='ocr_page' id='page_1' title='image "./caesarsgallicwa02greegoog_0231.png"; bbox 0 0 2819 4297; ppageno 0'>
   <div class='ocr_carea' id='block_1_1' title="bbox 276 287 2364 372">
    <p class='ocr_par' dir='ltr' id='par_1_1' title="bbox 276 287 2364 372">
     <span class='ocr_line' id='line_1_1' title="bbox 276 287 2364 372; baseline 0.002 -23"><span class='ocrx_word' id='word_1_1' title='bbox 276 299 336 349; x_wconf 91' lang='grc' dir='ltr'>Β.</span> <span class='ocrx_word' id='word_1_2' title='bbox 357 301 422 351; x_wconf 89' lang='lat' dir='ltr'>G.</span> <span class='ocrx_word' id='word_1_3' title='bbox 445 301 541 349; x_wconf 88' lang='lat' dir='ltr'>IV.</span> <span class='ocrx_word' id='word_1_4' title='bbox 567 297 671 365; x_wconf 87' lang='lat'><strong>37·]</strong></span> <span class='ocrx_word' id='word_1_5' title='bbox 818 288 1005 352; x_wconf 84' lang='lat' dir='ltr'>First</span> <span class='ocrx_word' id='word_1_6' title='bbox 1049 288 1366 353; x_wconf 84' lang='lat' dir='ltr'>Invasion</span> <span class='ocrx_word' id='word_1_7' title='bbox 1414 291 1497 371; x_wconf 87' lang='lat' dir='ltr'>os</span> <span class='ocrx_word' id='word_1_8' title='bbox 1529 287 1819 352; x_wconf 83' lang='lat' dir='ltr'><em>Britain.</em></span> <span class='ocrx_word' id='word_1_9' title='bbox 2247 308 2270 352; x_wconf 93' lang='lat'>1</span> <span class='ocrx_word' id='word_1_10' title='bbox 2291 303 2364 372; x_wconf 81' lang='grc'>15</span> 
     </span>
    </p>
   </div>
   <div class='ocr_carea' id='block_1_2' title="bbox 274 482 2376 1053">
    <p class='ocr_par' dir='ltr' id='par_1_2' title="bbox 274 482 2376 945">
     <span class='ocr_line' id='line_1_2' title="bbox 278 482 2370 561; baseline 0 -20"><span class='ocrx_word' id='word_1_11' title='bbox 278 491 412 542; x_wconf 88' lang='lat' dir='ltr'>suis</span> <span class='ocrx_word' id='word_1_12' title='bbox 451 483 980 561; x_wconf 73' lang='lat' dir='ltr'>praedicaverunt,</span> <span class='ocrx_word' id='word_1_13' title='bbox 1014 493 1076 542; x_wconf 94' lang='lat' dir='ltr'>et</span> <span class='ocrx_word' id='word_1_14' title='bbox 1122 493 1354 559; x_wconf 90' lang='lat' dir='ltr'>quanta</span> <span class='ocrx_word' id='word_1_15' title='bbox 1400 483 1668 560; x_wconf 85' lang='lat' dir='ltr'>praedae</span> <span class='ocrx_word' id='word_1_16' title='bbox 1714 482 2038 543; x_wconf 82' lang='lat' dir='ltr'>faciendae</span> <span class='ocrx_word' id='word_1_17' title='bbox 2086 493 2269 559; x_wconf 89' lang='lat' dir='ltr'>atque</span> <span class='ocrx_word' id='word_1_18' title='bbox 2308 483 2370 541; x_wconf 92' lang='lat' dir='ltr'>in</span> 
     </span>
     <span class='ocr_line' id='line_1_3' title="bbox 274 583 2370 661; baseline 0 -19"><span class='ocrx_word' id='word_1_19' title='bbox 274 593 641 661; x_wconf 91' lang='lat' dir='ltr'>perpetuum</span> <span class='ocrx_word' id='word_1_20' title='bbox 690 591 786 644; x_wconf 90' lang='lat' dir='ltr'>sui</span> <span class='ocrx_word' id='word_1_21' title='bbox 830 583 1135 642; x_wconf 91' lang='lat' dir='ltr'>liberandi</span> <span class='ocrx_word' id='word_1_22' title='bbox 1183 583 1448 642; x_wconf 78' lang='lat' dir='ltr'>facultas</span> <span class='ocrx_word' id='word_1_23' title='bbox 1497 584 1760 655; x_wconf 73' lang='lat' dir='ltr'>daretur,</span> <span class='ocrx_word' id='word_1_24' title='bbox 1809 591 1863 642; x_wconf 91' lang='lat' dir='ltr'>si</span> <span class='ocrx_word' id='word_1_25' title='bbox 1910 585 2229 643; x_wconf 79' lang='lat' dir='ltr'>Romanos</span> <span class='ocrx_word' id='word_1_26' title='bbox 2277 602 2370 642; x_wconf 92' lang='lat' dir='ltr'>ca-</span> 
     </span>
     <span class='ocr_line' id='line_1_4' title="bbox 276 683 2374 762; baseline 0 -18"><span class='ocrx_word' id='word_1_27' title='bbox 276 692 423 744; x_wconf 85' lang='lat' dir='ltr'><strong>stris</strong></span> <span class='ocrx_word' id='word_1_28' title='bbox 497 684 896 762; x_wconf 84' lang='lat' dir='ltr'>expulissent,</span> <span class='ocrx_word' id='word_1_29' title='bbox 958 684 1554 744; x_wconf 75' lang='lat' dir='ltr'>demonstraverunt.</span> <span class='ocrx_word' id='word_1_30' title='bbox 1675 685 1797 742; x_wconf 88' lang='lat' dir='ltr'>His</span> <span class='ocrx_word' id='word_1_31' title='bbox 1854 684 2039 743; x_wconf 71' lang='lat' dir='ltr'>rebus</span> <span class='ocrx_word' id='word_1_32' title='bbox 2097 683 2374 743; x_wconf 89' lang='lat' dir='ltr'>celeriter</span> 
     </span>
     <span class='ocr_line' id='line_1_5' title="bbox 278 783 2376 864; baseline -0 -19"><span class='ocrx_word' id='word_1_33' title='bbox 278 794 507 864; x_wconf 89' lang='lat' dir='ltr'>magna</span> <span class='ocrx_word' id='word_1_34' title='bbox 547 785 936 846; x_wconf 76' lang='lat' dir='ltr'>multitudine</span> <span class='ocrx_word' id='word_1_35' title='bbox 981 784 1292 863; x_wconf 73' lang='lat' dir='ltr'>peditatus</span> <span class='ocrx_word' id='word_1_36' title='bbox 1340 783 1775 862; x_wconf 75' lang='lat' dir='ltr'>equitatusque</span> <span class='ocrx_word' id='word_1_37' title='bbox 1816 793 2030 845; x_wconf 90' lang='lat' dir='ltr'>coacta</span> <span class='ocrx_word' id='word_1_38' title='bbox 2061 785 2141 844; x_wconf 94' lang='lat' dir='ltr'>ad</span> <span class='ocrx_word' id='word_1_39' title='bbox 2172 794 2376 844; x_wconf 89' lang='lat' dir='ltr'>castra</span> 
     </span>
     <span class='ocr_line' id='line_1_6' title="bbox 274 869 2076 945; baseline -0.003 0"><span class='ocrx_word' id='word_1_40' title='bbox 274 893 596 945; x_wconf 72' lang='lat' dir='ltr'>venerunt.</span> <span class='ocrx_word' id='word_1_41' title='bbox 2065 869 2076 880; x_wconf 58' lang='lat'>⁵</span> 
     </span>
    </p>

    <p class='ocr_par' dir='ltr' id='par_1_3' title="bbox 830 1000 1825 1053">
     <span class='ocr_line' id='line_1_7' title="bbox 830 1000 1825 1053; baseline -0.001 -11"><span class='ocrx_word' id='word_1_42' title='bbox 830 1001 967 1053; x_wconf 75' lang='lat' dir='ltr'>They</span> <span class='ocrx_word' id='word_1_43' title='bbox 992 1002 1116 1044; x_wconf 82' lang='lat' dir='ltr'>Give</span> <span class='ocrx_word' id='word_1_44' title='bbox 1143 1001 1309 1042; x_wconf 77' lang='lat' dir='ltr'>Battle</span> <span class='ocrx_word' id='word_1_45' title='bbox 1337 1001 1435 1042; x_wconf 74' lang='lat' dir='ltr'>and</span> <span class='ocrx_word' id='word_1_46' title='bbox 1460 1012 1544 1042; x_wconf 74' lang='lat' dir='ltr'>are</span> <span class='ocrx_word' id='word_1_47' title='bbox 1571 1000 1825 1042; x_wconf 73' lang='lat' dir='ltr'>Defeated.</span> 
     </span>
    </p>
   </div>
   <div class='ocr_carea' id='block_1_3' title="bbox 277 1120 2374 2102">
    <p class='ocr_par' dir='ltr' id='par_1_4' title="bbox 277 1120 2374 2102">
     <span class='ocr_line' id='line_1_8' title="bbox 363 1120 2374 1198; baseline 0.001 -19"><span class='ocrx_word' id='word_1_48' title='bbox 363 1130 461 1179; x_wconf 86' lang='grc'>35.</span> <span class='ocrx_word' id='word_1_49' title='bbox 522 1122 770 1195; x_wconf 91' lang='lat' dir='ltr'>Caesar,</span> <span class='ocrx_word' id='word_1_50' title='bbox 803 1130 922 1181; x_wconf 88' lang='lat' dir='ltr'>etsi</span> <span class='ocrx_word' id='word_1_51' title='bbox 968 1122 1129 1181; x_wconf 93' lang='lat' dir='ltr'>idem</span> <span class='ocrx_word' id='word_1_52' title='bbox 1162 1121 1331 1198; x_wconf 93' lang='lat' dir='ltr'>quod</span> <span class='ocrx_word' id='word_1_53' title='bbox 1362 1120 1781 1198; x_wconf 77' lang='lat' dir='ltr'>superioribus</span> <span class='ocrx_word' id='word_1_54' title='bbox 1814 1120 2033 1180; x_wconf 73' lang='lat' dir='ltr'>diebus</span> <span class='ocrx_word' id='word_1_55' title='bbox 2063 1122 2374 1182; x_wconf 89' lang='lat' dir='ltr'>acciderat</span> 
     </span>
     <span class='ocr_line' id='line_1_9' title="bbox 277 1220 2373 1299; baseline 0 -20"><span class='ocrx_word' id='word_1_56' title='bbox 277 1222 414 1281; x_wconf 84' lang='lat' dir='ltr'>fore</span> <span class='ocrx_word' id='word_1_57' title='bbox 467 1220 945 1295; x_wconf 53' lang='lat' dir='ltr'>videbag—ut,</span> <span class='ocrx_word' id='word_1_58' title='bbox 996 1230 1050 1280; x_wconf 89' lang='lat' dir='ltr'>si</span> <span class='ocrx_word' id='word_1_59' title='bbox 1101 1232 1311 1281; x_wconf 91' lang='lat' dir='ltr'>essent</span> <span class='ocrx_word' id='word_1_60' title='bbox 1362 1222 1576 1280; x_wconf 75' lang='lat' dir='ltr'>hostes</span> <span class='ocrx_word' id='word_1_61' title='bbox 1625 1222 1822 1299; x_wconf 76' lang='lat' dir='ltr'>pulsi„</span> <span class='ocrx_word' id='word_1_62' title='bbox 1853 1220 2163 1282; x_wconf 92' lang='lat' dir='ltr'>celeritate</span> <span class='ocrx_word' id='word_1_63' title='bbox 2221 1231 2373 1299; x_wconf 90' lang='lat' dir='ltr'>peri·</span> 
     </span>
     <span class='ocr_line' id='line_1_10' title="bbox 279 1321 2367 1399; baseline 0 -18"><span class='ocrx_word' id='word_1_64' title='bbox 279 1322 489 1381; x_wconf 89' lang='lat' dir='ltr'>culum</span> <span class='ocrx_word' id='word_1_65' title='bbox 547 1321 1232 1399; x_wconf 83' lang='lat' dir='ltr'>effugerent,—-tamen</span> <span class='ocrx_word' id='word_1_66' title='bbox 1306 1330 1526 1380; x_wconf 88' lang='lat' dir='ltr'>nactus</span> <span class='ocrx_word' id='word_1_67' title='bbox 1596 1322 1835 1399; x_wconf 75' lang='lat' dir='ltr'>equites</span> <span class='ocrx_word' id='word_1_68' title='bbox 1907 1322 2146 1382; x_wconf 90' lang='lat' dir='ltr'>circiter</span> <span class='ocrx_word' id='word_1_69' title='bbox 2216 1340 2367 1395; x_wconf 85' lang='lat' dir='ltr'>xxx,</span> 
     </span>
     <span class='ocr_line' id='line_1_11' title="bbox 279 1421 2370 1503; baseline 0.001 -23"><span class='ocrx_word' id='word_1_70' title='bbox 279 1430 440 1500; x_wconf 73' lang='lat' dir='ltr'>quos</span> <span class='ocrx_word' id='word_1_71' title='bbox 492 1421 810 1481; x_wconf 91' lang='lat' dir='ltr'>Commius</span> <span class='ocrx_word' id='word_1_72' title='bbox 856 1422 1122 1481; x_wconf 87' lang='lat' dir='ltr'>Atrebas</span> <span class='ocrx_word' id='word_1_73' title='bbox 1180 1421 1286 1500; x_wconf 71' lang='lat' dir='ltr'>(de</span> <span class='ocrx_word' id='word_1_74' title='bbox 1340 1429 1467 1498; x_wconf 76' lang='lat' dir='ltr'>quo</span> <span class='ocrx_word' id='word_1_75' title='bbox 1518 1433 1662 1482; x_wconf 90' lang='lat' dir='ltr'>ante</span> <span class='ocrx_word' id='word_1_76' title='bbox 1705 1422 1937 1483; x_wconf 90' lang='lat' dir='ltr'>dictum</span> <span class='ocrx_word' id='word_1_77' title='bbox 1986 1424 2107 1503; x_wconf 90' lang='lat' dir='ltr'>est)</span> <span class='ocrx_word' id='word_1_78' title='bbox 2164 1430 2370 1482; x_wconf 73' lang='lat' dir='ltr'>secum</span> 
     </span>
     <span class='ocr_line' id='line_1_12' title="bbox 282 1522 2368 1600; baseline 0 -18"><span class='ocrx_word' id='word_1_79' title='bbox 282 1530 825 1599; x_wconf 69' lang='lat' dir='ltr'>transportaverat,</span> <span class='ocrx_word' id='word_1_80' title='bbox 871 1522 1148 1600; x_wconf 72' lang='lat' dir='ltr'>legiones</span> <span class='ocrx_word' id='word_1_81' title='bbox 1221 1522 1283 1580; x_wconf 92' lang='lat' dir='ltr'>in</span> <span class='ocrx_word' id='word_1_82' title='bbox 1355 1522 1489 1581; x_wconf 76' lang='lat' dir='ltr'>acie</span> <span class='ocrx_word' id='word_1_83' title='bbox 1562 1530 1674 1599; x_wconf 77' lang='lat' dir='ltr'>pro</span> <span class='ocrx_word' id='word_1_84' title='bbox 1745 1532 1962 1582; x_wconf 90' lang='lat' dir='ltr'>castris</span> <span class='ocrx_word' id='word_1_85' title='bbox 2035 1524 2368 1583; x_wconf 79' lang='lat' dir='ltr'>constituit.</span> 
     </span>
     <span class='ocr_line' id='line_1_13' title="bbox 280 1622 2372 1702; baseline 0 -19"><span class='ocrx_word' id='word_1_86' title='bbox 280 1622 630 1683; x_wconf 79' lang='lat' dir='ltr'>Commisso</span> <span class='ocrx_word' id='word_1_87' title='bbox 673 1623 907 1700; x_wconf 76' lang='lat' dir='ltr'>proelio</span> <span class='ocrx_word' id='word_1_88' title='bbox 954 1623 1182 1683; x_wconf 81' lang='lat' dir='ltr'>diutius</span> <span class='ocrx_word' id='word_1_89' title='bbox 1229 1631 1576 1683; x_wconf 80' lang='lat' dir='ltr'>nostrorum</span> <span class='ocrx_word' id='word_1_90' title='bbox 1621 1623 1880 1683; x_wconf 92' lang='lat' dir='ltr'>militum</span> <span class='ocrx_word' id='word_1_91' title='bbox 1929 1624 2225 1702; x_wconf 91' lang='lat' dir='ltr'>impetum</span> <span class='ocrx_word' id='word_1_92' title='bbox 2269 1626 2372 1684; x_wconf 91' lang='lat' dir='ltr'>ho·</span> 
     </span>
     <span class='ocr_line' id='line_1_14' title="bbox 278 1724 2371 1801; baseline 0.001 -19"><span class='ocrx_word' id='word_1_93' title='bbox 278 1731 411 1782; x_wconf 75' lang='lat' dir='ltr'>stes</span> <span class='ocrx_word' id='word_1_94' title='bbox 454 1724 613 1784; x_wconf 83' lang='lat' dir='ltr'>ferre</span> <span class='ocrx_word' id='word_1_95' title='bbox 656 1731 782 1783; x_wconf 79' lang='lat' dir='ltr'>non</span> <span class='ocrx_word' id='word_1_96' title='bbox 834 1731 1164 1800; x_wconf 76' lang='lat' dir='ltr'>potuerunt</span> <span class='ocrx_word' id='word_1_97' title='bbox 1212 1743 1288 1784; x_wconf 91' lang='lat' dir='ltr'>ac</span> <span class='ocrx_word' id='word_1_98' title='bbox 1339 1734 1514 1801; x_wconf 91' lang='lat' dir='ltr'>terga</span> <span class='ocrx_word' id='word_1_99' title='bbox 1558 1731 1885 1784; x_wconf 75' lang='lat' dir='ltr'>verterunt.</span> <span class='ocrx_word' id='word_1_100' title='bbox 1976 1725 2152 1799; x_wconf 76' lang='lat' dir='ltr'>Quos</span> <span class='ocrx_word' id='word_1_101' title='bbox 2198 1733 2371 1785; x_wconf 74' lang='lat' dir='ltr'>tanto</span> 
     </span>
     <span class='ocr_line' id='line_1_15' title="bbox 279 1823 2371 1902; baseline 0 -18"><span class='ocrx_word' id='word_1_102' title='bbox 279 1823 490 1901; x_wconf 76' lang='lat' dir='ltr'>spatio</span> <span class='ocrx_word' id='word_1_103' title='bbox 535 1833 732 1884; x_wconf 75' lang='lat' dir='ltr'>secuti</span> <span class='ocrx_word' id='word_1_104' title='bbox 779 1834 1077 1901; x_wconf 91' lang='lat' dir='ltr'>quantum</span> <span class='ocrx_word' id='word_1_105' title='bbox 1125 1834 1308 1885; x_wconf 73' lang='lat' dir='ltr'>cursu</span> <span class='ocrx_word' id='word_1_106' title='bbox 1355 1835 1419 1885; x_wconf 92' lang='lat' dir='ltr'>et</span> <span class='ocrx_word' id='word_1_107' title='bbox 1461 1824 1692 1883; x_wconf 88' lang='lat' dir='ltr'>viribus</span> <span class='ocrx_word' id='word_1_108' title='bbox 1740 1825 1979 1886; x_wconf 88' lang='lat' dir='ltr'>efficere</span> <span class='ocrx_word' id='word_1_109' title='bbox 2027 1832 2371 1902; x_wconf 73' lang='lat' dir='ltr'>potuerunt,</span> 
     </span>
     <span class='ocr_line' id='line_1_16' title="bbox 279 1924 2373 2002; baseline 0 -18"><span class='ocrx_word' id='word_1_110' title='bbox 279 1924 618 2001; x_wconf 75' lang='lat' dir='ltr'>compluris</span> <span class='ocrx_word' id='word_1_111' title='bbox 648 1944 723 1984; x_wconf 85' lang='lat' dir='ltr'>ex</span> <span class='ocrx_word' id='word_1_112' title='bbox 751 1933 843 1985; x_wconf 88' lang='lat' dir='ltr'>eis</span> <span class='ocrx_word' id='word_1_113' title='bbox 865 1926 1256 1999; x_wconf 77' lang='lat' dir='ltr'>occiderunt3</span> <span class='ocrx_word' id='word_1_114' title='bbox 1304 1925 1530 1984; x_wconf 90' lang='lat' dir='ltr'>deinde</span> <span class='ocrx_word' id='word_1_115' title='bbox 1576 1924 1861 1985; x_wconf 89' lang='lat' dir='ltr'>omnibus</span> <span class='ocrx_word' id='word_1_116' title='bbox 1906 1927 2086 2002; x_wconf 74' lang='lat' dir='ltr'>longe</span> <span class='ocrx_word' id='word_1_117' title='bbox 2130 1927 2373 2002; x_wconf 78' lang='lat' dir='ltr'>lateque</span> 
     </span>
     <span class='ocr_line' id='line_1_17' title="bbox 282 2024 1722 2102; baseline 0.002 -19"><span class='ocrx_word' id='word_1_118' title='bbox 282 2024 586 2084; x_wconf 88' lang='lat' dir='ltr'>aedificiis</span> <span class='ocrx_word' id='word_1_119' title='bbox 618 2025 889 2086; x_wconf 71' lang='lat' dir='ltr'>incensis</span> <span class='ocrx_word' id='word_1_120' title='bbox 919 2034 987 2085; x_wconf 72' lang='lat' dir='ltr'>se</span> <span class='ocrx_word' id='word_1_121' title='bbox 1017 2026 1079 2084; x_wconf 92' lang='lat' dir='ltr'>in</span> <span class='ocrx_word' id='word_1_122' title='bbox 1109 2036 1313 2087; x_wconf 88' lang='lat' dir='ltr'>castra</span> <span class='ocrx_word' id='word_1_123' title='bbox 1343 2033 1722 2102; x_wconf 70' lang='lat' dir='ltr'>receperunt.</span> 
     </span>
    </p>
   </div>
   <div class='ocr_carea' id='block_1_4' title="bbox 998 2192 1648 2234">
    <p class='ocr_par' dir='ltr' id='par_1_5' title="bbox 998 2192 1648 2234">
     <span class='ocr_line' id='line_1_18' title="bbox 998 2192 1648 2234; baseline 0 -1"><span class='ocrx_word' id='word_1_124' title='bbox 998 2192 1165 2234; x_wconf 66' lang='lat' dir='ltr'>Cesar</span> <span class='ocrx_word' id='word_1_125' title='bbox 1191 2193 1401 2234; x_wconf 73' lang='lat' dir='ltr'>Returns</span> <span class='ocrx_word' id='word_1_126' title='bbox 1428 2196 1481 2233; x_wconf 80' lang='lat' dir='ltr'>to</span> <span class='ocrx_word' id='word_1_127' title='bbox 1509 2193 1648 2234; x_wconf 68' lang='lat' dir='ltr'>Gaul.</span> 
     </span>
    </p>
   </div>
   <div class='ocr_carea' id='block_1_5' title="bbox 275 2311 2374 3196">
    <p class='ocr_par' dir='ltr' id='par_1_6' title="bbox 275 2311 2374 3196">
     <span class='ocr_line' id='line_1_19' title="bbox 368 2311 2373 2390; baseline 0.001 -19"><span class='ocrx_word' id='word_1_128' title='bbox 368 2321 466 2371; x_wconf 84' lang='grc'>36.</span> <span class='ocrx_word' id='word_1_129' title='bbox 557 2313 787 2373; x_wconf 74' lang='lat' dir='ltr'>Eodem</span> <span class='ocrx_word' id='word_1_130' title='bbox 820 2313 922 2372; x_wconf 76' lang='lat' dir='ltr'>die</span> <span class='ocrx_word' id='word_1_131' title='bbox 953 2314 1139 2390; x_wconf 75' lang='lat' dir='ltr'>legati</span> <span class='ocrx_word' id='word_1_132' title='bbox 1184 2313 1262 2371; x_wconf 91' lang='lat' dir='ltr'>ab</span> <span class='ocrx_word' id='word_1_133' title='bbox 1307 2311 1591 2372; x_wconf 89' lang='lat' dir='ltr'>hostibus</span> <span class='ocrx_word' id='word_1_134' title='bbox 1621 2313 1794 2372; x_wconf 89' lang='lat' dir='ltr'>missi</span> <span class='ocrx_word' id='word_1_135' title='bbox 1825 2314 1905 2371; x_wconf 90' lang='lat' dir='ltr'>ad</span> <span class='ocrx_word' id='word_1_136' title='bbox 1936 2316 2262 2373; x_wconf 88' lang='lat' dir='ltr'>Caesarem</span> <span class='ocrx_word' id='word_1_137' title='bbox 2294 2316 2373 2374; x_wconf 76' lang='lat' dir='ltr'>de</span> 
     </span>
     <span class='ocr_line' id='line_1_20' title="bbox 283 2413 2374 2491; baseline 0 -17"><span class='ocrx_word' id='word_1_138' title='bbox 283 2422 440 2491; x_wconf 90' lang='lat' dir='ltr'>pace</span> <span class='ocrx_word' id='word_1_139' title='bbox 473 2420 790 2473; x_wconf 72' lang='lat' dir='ltr'>venerunt.</span> <span class='ocrx_word' id='word_1_140' title='bbox 884 2414 1006 2472; x_wconf 91' lang='lat' dir='ltr'>His</span> <span class='ocrx_word' id='word_1_141' title='bbox 1043 2415 1275 2472; x_wconf 88' lang='lat' dir='ltr'>Caesar</span> <span class='ocrx_word' id='word_1_142' title='bbox 1305 2432 1626 2472; x_wconf 92' lang='lat' dir='ltr'>numerum</span> <span class='ocrx_word' id='word_1_143' title='bbox 1664 2413 1949 2472; x_wconf 93' lang='lat' dir='ltr'>obsidum</span> <span class='ocrx_word' id='word_1_144' title='bbox 1980 2434 2161 2490; x_wconf 90' lang='lat' dir='ltr'>quem</span> <span class='ocrx_word' id='word_1_145' title='bbox 2194 2424 2374 2475; x_wconf 91' lang='lat' dir='ltr'>antea</span> 
     </span>
     <span class='ocr_line' id='line_1_21' title="bbox 283 2513 2369 2591; baseline 0.001 -19"><span class='ocrx_word' id='word_1_146' title='bbox 283 2514 693 2591; x_wconf 88' lang='lat' dir='ltr'>imperaverat</span> <span class='ocrx_word' id='word_1_147' title='bbox 722 2513 1074 2591; x_wconf 87' lang='lat' dir='ltr'>duplicavit,</span> <span class='ocrx_word' id='word_1_148' title='bbox 1102 2522 1335 2591; x_wconf 75' lang='lat' dir='ltr'>eosque</span> <span class='ocrx_word' id='word_1_149' title='bbox 1366 2514 1429 2571; x_wconf 87' lang='lat' dir='ltr'>in</span> <span class='ocrx_word' id='word_1_150' title='bbox 1454 2513 1870 2573; x_wconf 91' lang='lat' dir='ltr'>continentem</span> <span class='ocrx_word' id='word_1_151' title='bbox 1901 2514 2124 2574; x_wconf 80' lang='lat' dir='ltr'>adduci</span> <span class='ocrx_word' id='word_1_152' title='bbox 2153 2516 2329 2576; x_wconf 88' lang='lat' dir='ltr'>iussit</span> <span class='ocrx_word' id='word_1_153' title='bbox 2356 2540 2369 2588; x_wconf 83' lang='lat'>3</span> 
     </span>
     <span class='ocr_line' id='line_1_22' title="bbox 280 2613 2373 2692; baseline 0 -18"><span class='ocrx_word' id='word_1_154' title='bbox 280 2614 474 2692; x_wconf 90' lang='lat' dir='ltr'>quod,</span> <span class='ocrx_word' id='word_1_155' title='bbox 524 2614 872 2692; x_wconf 92' lang='lat' dir='ltr'>propinqua</span> <span class='ocrx_word' id='word_1_156' title='bbox 936 2614 1036 2674; x_wconf 74' lang='lat' dir='ltr'>die</span> <span class='ocrx_word' id='word_1_157' title='bbox 1110 2613 1479 2691; x_wconf 85' lang='lat' dir='ltr'>aequinocti,</span> <span class='ocrx_word' id='word_1_158' title='bbox 1527 2617 1789 2673; x_wconf 85' lang='lat' dir='ltr'>infirmis</span> <span class='ocrx_word' id='word_1_159' title='bbox 1853 2615 2115 2675; x_wconf 90' lang='lat' dir='ltr'>navibus</span> <span class='ocrx_word' id='word_1_160' title='bbox 2187 2616 2373 2674; x_wconf 91' lang='lat' dir='ltr'>hiemi</span> 
     </span>
     <span class='ocr_line' id='line_1_23' title="bbox 277 2714 2366 2792; baseline 0.001 -19"><span class='ocrx_word' id='word_1_161' title='bbox 277 2714 737 2792; x_wconf 75' lang='lat' dir='ltr'>navigationem</span> <span class='ocrx_word' id='word_1_162' title='bbox 770 2714 1194 2775; x_wconf 88' lang='lat' dir='ltr'>subiciendam</span> <span class='ocrx_word' id='word_1_163' title='bbox 1243 2723 1367 2775; x_wconf 77' lang='lat' dir='ltr'>non</span> <span class='ocrx_word' id='word_1_164' title='bbox 1405 2714 1813 2774; x_wconf 86' lang='lat' dir='ltr'>existimabat.</span> <span class='ocrx_word' id='word_1_165' title='bbox 1906 2717 2049 2792; x_wconf 91' lang='lat' dir='ltr'>Ipse</span> <span class='ocrx_word' id='word_1_166' title='bbox 2081 2716 2366 2776; x_wconf 77' lang='lat' dir='ltr'>idoneam</span> 
     </span>
     <span class='ocr_line' id='line_1_24' title="bbox 276 2815 2365 2893; baseline 0 -18"><span class='ocrx_word' id='word_1_167' title='bbox 276 2824 709 2892; x_wconf 85' lang='lat' dir='ltr'>tempestatem</span> <span class='ocrx_word' id='word_1_168' title='bbox 742 2827 958 2876; x_wconf 89' lang='lat' dir='ltr'>nactus</span> <span class='ocrx_word' id='word_1_169' title='bbox 989 2816 1174 2893; x_wconf 76' lang='lat' dir='ltr'>paulo</span> <span class='ocrx_word' id='word_1_170' title='bbox 1205 2825 1347 2893; x_wconf 92' lang='lat' dir='ltr'>post</span> <span class='ocrx_word' id='word_1_171' title='bbox 1377 2815 1643 2875; x_wconf 91' lang='lat' dir='ltr'>mediam</span> <span class='ocrx_word' id='word_1_172' title='bbox 1675 2825 1922 2874; x_wconf 91' lang='lat' dir='ltr'>noctem</span> <span class='ocrx_word' id='word_1_173' title='bbox 1952 2824 2126 2875; x_wconf 91' lang='lat' dir='ltr'>navis</span> <span class='ocrx_word' id='word_1_174' title='bbox 2151 2817 2365 2891; x_wconf 85' lang='lat' dir='ltr'>solvit3</span> 
     </span>
     <span class='ocr_line' id='line_1_25' title="bbox 277 2916 2373 2993; baseline 0.001 -19"><span class='ocrx_word' id='word_1_175' title='bbox 277 2935 440 2993; x_wconf 91' lang='lat' dir='ltr'>quae</span> <span class='ocrx_word' id='word_1_176' title='bbox 485 2924 701 2976; x_wconf 70' lang='lat' dir='ltr'>omnes</span> <span class='ocrx_word' id='word_1_177' title='bbox 731 2916 1069 2977; x_wconf 72' lang='lat' dir='ltr'>incolumes</span> <span class='ocrx_word' id='word_1_178' title='bbox 1103 2917 1180 2976; x_wconf 91' lang='lat' dir='ltr'>ad</span> <span class='ocrx_word' id='word_1_179' title='bbox 1210 2916 1628 2975; x_wconf 91' lang='lat' dir='ltr'>continentem</span> <span class='ocrx_word' id='word_1_180' title='bbox 1659 2923 2070 2993; x_wconf 77' lang='lat' dir='ltr'>pervenerunt</span> <span class='ocrx_word' id='word_1_181' title='bbox 2098 2940 2111 2989; x_wconf 93' lang='lat'>;</span> <span class='ocrx_word' id='word_1_182' title='bbox 2156 2918 2267 2977; x_wconf 90' lang='lat' dir='ltr'>sed</span> <span class='ocrx_word' id='word_1_183' title='bbox 2297 2936 2373 2977; x_wconf 84' lang='lat' dir='ltr'>ex</span> 
     </span>
     <span class='ocr_line' id='line_1_26' title="bbox 276 3016 2368 3094; baseline 0.001 -19"><span class='ocrx_word' id='word_1_184' title='bbox 276 3025 369 3076; x_wconf 88' lang='lat' dir='ltr'>eis</span> <span class='ocrx_word' id='word_1_185' title='bbox 414 3016 731 3076; x_wconf 88' lang='lat' dir='ltr'>onerariae</span> <span class='ocrx_word' id='word_1_186' title='bbox 762 3018 921 3077; x_wconf 88' lang='lat' dir='ltr'>duae</span> <span class='ocrx_word' id='word_1_187' title='bbox 961 3017 1210 3077; x_wconf 78' lang='lat' dir='ltr'>eosdem</span> <span class='ocrx_word' id='word_1_188' title='bbox 1249 3026 1460 3094; x_wconf 75' lang='lat' dir='ltr'>portus</span> <span class='ocrx_word' id='word_1_189' title='bbox 1503 3024 1660 3093; x_wconf 78' lang='lat' dir='ltr'>quos</span> <span class='ocrx_word' id='word_1_190' title='bbox 1691 3016 1962 3093; x_wconf 89' lang='lat' dir='ltr'>reliquae</span> <span class='ocrx_word' id='word_1_191' title='bbox 1994 3036 2213 3094; x_wconf 91' lang='lat' dir='ltr'>capere</span> <span class='ocrx_word' id='word_1_192' title='bbox 2244 3026 2368 3079; x_wconf 77' lang='lat' dir='ltr'>non</span> 
     </span>
     <span class='ocr_line' id='line_1_27' title="bbox 275 3118 1561 3196; baseline 0.002 -21"><span class='ocrx_word' id='word_1_193' title='bbox 275 3123 613 3193; x_wconf 73' lang='lat' dir='ltr'>potuerunt</span> <span class='ocrx_word' id='word_1_194' title='bbox 642 3128 704 3177; x_wconf 92' lang='lat' dir='ltr'>et</span> <span class='ocrx_word' id='word_1_195' title='bbox 731 3118 918 3196; x_wconf 79' lang='lat' dir='ltr'>paulo</span> <span class='ocrx_word' id='word_1_196' title='bbox 948 3119 1106 3177; x_wconf 87' lang='lat' dir='ltr'>infra</span> <span class='ocrx_word' id='word_1_197' title='bbox 1129 3118 1369 3176; x_wconf 77' lang='lat' dir='ltr'>delatae</span> <span class='ocrx_word' id='word_1_198' title='bbox 1400 3127 1561 3178; x_wconf 89' lang='lat' dir='ltr'>sunt.</span> 
     </span>
    </p>
   </div>
   <div class='ocr_carea' id='block_1_6' title="bbox 758 3282 1889 3335">
    <p class='ocr_par' dir='ltr' id='par_1_7' title="bbox 758 3282 1889 3335">
     <span class='ocr_line' id='line_1_28' title="bbox 758 3282 1889 3335; baseline -0.002 -10"><span class='ocrx_word' id='word_1_199' title='bbox 758 3285 936 3325; x_wconf 78' lang='lat' dir='ltr'>Attack</span> <span class='ocrx_word' id='word_1_200' title='bbox 966 3285 1016 3325; x_wconf 77' lang='lat' dir='ltr'>of</span> <span class='ocrx_word' id='word_1_201' title='bbox 1043 3284 1127 3325; x_wconf 84' lang='lat' dir='ltr'>the</span> <span class='ocrx_word' id='word_1_202' title='bbox 1155 3284 1333 3325; x_wconf 75' lang='lat' dir='ltr'>Morini</span> <span class='ocrx_word' id='word_1_203' title='bbox 1362 3294 1425 3325; x_wconf 87' lang='lat' dir='ltr'>on</span> <span class='ocrx_word' id='word_1_204' title='bbox 1454 3283 1660 3324; x_wconf 68' lang='lat' dir='ltr'>Cesar-&#39;s</span> <span class='ocrx_word' id='word_1_205' title='bbox 1687 3282 1889 3335; x_wconf 79' lang='lat' dir='ltr'>Troops.</span> 
     </span>
    </p>
   </div>
   <div class='ocr_carea' id='block_1_7' title="bbox 279 3403 2373 3880">
    <p class='ocr_par' dir='ltr' id='par_1_8' title="bbox 279 3403 2373 3880">
     <span class='ocr_line' id='line_1_29' title="bbox 358 3403 2373 3479; baseline 0.001 -18"><span class='ocrx_word' id='word_1_206' title='bbox 358 3412 459 3461; x_wconf 87' lang='grc'>37.</span> <span class='ocrx_word' id='word_1_207' title='bbox 521 3403 764 3478; x_wconf 86' lang='lat' dir='ltr'>Quibus</span> <span class='ocrx_word' id='word_1_208' title='bbox 794 3421 871 3462; x_wconf 85' lang='lat' dir='ltr'>ex</span> <span class='ocrx_word' id='word_1_209' title='bbox 900 3403 1161 3464; x_wconf 88' lang='lat' dir='ltr'>navibus</span> <span class='ocrx_word' id='word_1_210' title='bbox 1185 3422 1323 3462; x_wconf 91' lang='lat' dir='ltr'>cum</span> <span class='ocrx_word' id='word_1_211' title='bbox 1355 3412 1564 3462; x_wconf 89' lang='lat' dir='ltr'>essent</span> <span class='ocrx_word' id='word_1_212' title='bbox 1596 3403 1860 3479; x_wconf 85' lang='lat' dir='ltr'>expositi</span> <span class='ocrx_word' id='word_1_213' title='bbox 1891 3403 2113 3462; x_wconf 75' lang='lat' dir='ltr'>milites</span> <span class='ocrx_word' id='word_1_214' title='bbox 2134 3404 2373 3465; x_wconf 89' lang='lat' dir='ltr'>circiter</span> 
     </span>
     <span class='ocr_line' id='line_1_30' title="bbox 280 3502 2369 3580; baseline 0.001 -17"><span class='ocrx_word' id='word_1_215' title='bbox 280 3520 396 3563; x_wconf 91' lang='lat' dir='ltr'>ccc</span> <span class='ocrx_word' id='word_1_216' title='bbox 440 3512 625 3580; x_wconf 90' lang='lat' dir='ltr'>atque</span> <span class='ocrx_word' id='word_1_217' title='bbox 670 3504 734 3563; x_wconf 90' lang='lat' dir='ltr'>in</span> <span class='ocrx_word' id='word_1_218' title='bbox 778 3514 980 3564; x_wconf 91' lang='lat' dir='ltr'>castra</span> <span class='ocrx_word' id='word_1_219' title='bbox 1024 3504 1488 3576; x_wconf 89' lang='lat' dir='ltr'>contenderent,</span> <span class='ocrx_word' id='word_1_220' title='bbox 1541 3502 1786 3576; x_wconf 90' lang='lat' dir='ltr'>Morini,</span> <span class='ocrx_word' id='word_1_221' title='bbox 1829 3510 1987 3578; x_wconf 76' lang='lat' dir='ltr'>quos</span> <span class='ocrx_word' id='word_1_222' title='bbox 2033 3505 2264 3564; x_wconf 89' lang='lat' dir='ltr'>Caesar</span> <span class='ocrx_word' id='word_1_223' title='bbox 2307 3506 2369 3565; x_wconf 91' lang='lat' dir='ltr'>in</span> 
     </span>
     <span class='ocr_line' id='line_1_31' title="bbox 279 3603 2370 3682; baseline 0.002 -21"><span class='ocrx_word' id='word_1_224' title='bbox 279 3603 658 3664; x_wconf 88' lang='lat' dir='ltr'>Britanniam</span> <span class='ocrx_word' id='word_1_225' title='bbox 720 3606 1119 3681; x_wconf 70' lang='lat' dir='ltr'>proficiscens</span> <span class='ocrx_word' id='word_1_226' title='bbox 1178 3611 1433 3681; x_wconf 74' lang='lat' dir='ltr'>pacatos</span> <span class='ocrx_word' id='word_1_227' title='bbox 1506 3603 1849 3679; x_wconf 87' lang='lat' dir='ltr'>reliquerat,</span> <span class='ocrx_word' id='word_1_228' title='bbox 1927 3612 2036 3681; x_wconf 73' lang='lat' dir='ltr'>spe</span> <span class='ocrx_word' id='word_1_229' title='bbox 2107 3607 2370 3682; x_wconf 90' lang='lat' dir='ltr'>praedae</span> 
     </span>
     <span class='ocr_line' id='line_1_32' title="bbox 282 3704 2370 3783; baseline 0.001 -21"><span class='ocrx_word' id='word_1_230' title='bbox 282 3704 537 3764; x_wconf 90' lang='lat' dir='ltr'>adducti</span> <span class='ocrx_word' id='word_1_231' title='bbox 583 3712 780 3781; x_wconf 76' lang='lat' dir='ltr'>primo</span> <span class='ocrx_word' id='word_1_232' title='bbox 820 3713 944 3765; x_wconf 76' lang='lat' dir='ltr'>non</span> <span class='ocrx_word' id='word_1_233' title='bbox 994 3705 1081 3763; x_wconf 90' lang='lat' dir='ltr'>ita</span> <span class='ocrx_word' id='word_1_234' title='bbox 1119 3712 1344 3783; x_wconf 76' lang='lat' dir='ltr'>magno</span> <span class='ocrx_word' id='word_1_235' title='bbox 1385 3711 1634 3764; x_wconf 79' lang='lat' dir='ltr'>suorum</span> <span class='ocrx_word' id='word_1_236' title='bbox 1672 3711 1928 3763; x_wconf 79' lang='lat' dir='ltr'>numero</span> <span class='ocrx_word' id='word_1_237' title='bbox 1963 3704 2370 3766; x_wconf 75' lang='lat' dir='ltr'>circumstete-</span> 
     </span>
     <span class='ocr_line' id='line_1_33' title="bbox 281 3803 2366 3880; baseline 0.001 -17"><span class='ocrx_word' id='word_1_238' title='bbox 281 3814 423 3864; x_wconf 89' lang='lat' dir='ltr'>runt</span> <span class='ocrx_word' id='word_1_239' title='bbox 473 3824 567 3879; x_wconf 90' lang='lat' dir='ltr'>ac,</span> <span class='ocrx_word' id='word_1_240' title='bbox 618 3813 672 3863; x_wconf 89' lang='lat' dir='ltr'>si</span> <span class='ocrx_word' id='word_1_241' title='bbox 709 3812 857 3865; x_wconf 71' lang='lat' dir='ltr'>sese</span> <span class='ocrx_word' id='word_1_242' title='bbox 915 3806 1175 3865; x_wconf 89' lang='lat' dir='ltr'>interfici</span> <span class='ocrx_word' id='word_1_243' title='bbox 1227 3805 1479 3878; x_wconf 77' lang='lat' dir='ltr'>nollent,</span> <span class='ocrx_word' id='word_1_244' title='bbox 1542 3822 1711 3862; x_wconf 92' lang='lat' dir='ltr'>arma</span> <span class='ocrx_word' id='word_1_245' title='bbox 1763 3811 1995 3880; x_wconf 79' lang='lat' dir='ltr'>ponere</span> <span class='ocrx_word' id='word_1_246' title='bbox 2043 3803 2366 3865; x_wconf 76' lang='lat' dir='ltr'>iusserunt.</span> 
     </span>
    </p>
   </div>
   <div class='ocr_carea' id='block_1_8' title="bbox 2444 897 2471 950">
    <p class='ocr_par' dir='ltr' id='par_1_9' title="bbox 2444 897 2471 950">
     <span class='ocr_line' id='line_1_34' title="bbox 2444 897 2471 950; baseline 0 0"><span class='ocrx_word' id='word_1_247' title='bbox 2444 897 2471 950; x_wconf 82' lang='lat'>5</span> 
     </span>
    </p>
   </div>
   <div class='ocr_carea' id='block_1_9' title="bbox 2414 1553 2472 1587">
    <p class='ocr_par' dir='ltr' id='par_1_10' title="bbox 2414 1553 2472 1587">
     <span class='ocr_line' id='line_1_35' title="bbox 2414 1553 2472 1587; baseline 0 0"><span class='ocrx_word' id='word_1_248' title='bbox 2414 1553 2472 1587; x_wconf 90' lang='lat'>10</span> 
     </span>
    </p>
   </div>
   <div class='ocr_carea' id='block_1_10' title="bbox 2414 2054 2470 2105">
    <p class='ocr_par' dir='ltr' id='par_1_11' title="bbox 2414 2054 2470 2105">
     <span class='ocr_line' id='line_1_36' title="bbox 2414 2054 2470 2105; baseline 0 0"><span class='ocrx_word' id='word_1_249' title='bbox 2414 2054 2470 2105; x_wconf 81' lang='grc' dir='ltr'>Ι5</span> 
     </span>
    </p>
   </div>
   <div class='ocr_carea' id='block_1_11' title="bbox 2409 2751 2470 2785">
    <p class='ocr_par' dir='ltr' id='par_1_12' title="bbox 2409 2751 2470 2785">
     <span class='ocr_line' id='line_1_37' title="bbox 2409 2751 2470 2785; baseline 0.033 -2"><span class='ocrx_word' id='word_1_250' title='bbox 2409 2751 2470 2785; x_wconf 88' lang='grc'>20</span> 
     </span>
    </p>
   </div>
   <div class='ocr_carea' id='block_1_12' title="bbox 2410 3427 2470 3480">
    <p class='ocr_par' dir='ltr' id='par_1_13' title="bbox 2410 3427 2470 3480">
     <span class='ocr_line' id='line_1_38' title="bbox 2410 3427 2470 3480; baseline 0 0"><span class='ocrx_word' id='word_1_251' title='bbox 2410 3427 2470 3480; x_wconf 88' lang='grc'>25</span> 
     </span>
    </p>
   </div>
  </div>
 </body>
</html>
