2819 4297
516 305 540 347 1
561 285 640 348 16
1248 283 1309 347 T
1300 283 1380 346 lte
1434 283 1651 347 Gallie
1693 283 1861 348 War.
2367 292 2600 359 [CAESAR

507 479 666 538 Cum
694 476 783 536 illi
813 478 962 537 orbe
1005 478 1172 537 facte
1225 483 1363 536 sese
1393 477 1818 550 defenderent,
1851 476 2129 537 celeriter
2156 477 2236 536 ad
2267 475 2596 536 clemerem

504 577 824 637 hominum
872 576 1113 635 circiter
1159 576 1327 634 milia
1373 594 1439 636 VI
1487 583 1925 636 convenerunt.
2016 576 2157 649 Qua
2202 583 2267 634 re
2314 575 2598 636 nfintiete

509 678 740 737 Caesar
796 696 1041 736 omnem
1115 697 1190 737 ex
1248 685 1469 737 castris
1527 676 1865 753 equitetum
1924 685 2050 734 suis
2123 675 2348 735 auxilie
2407 675 2592 735 misit.

508 777 768 836 Interim
797 785 993 853 nostri
1023 776 1249 835 milites
1298 777 1593 853 impetum
1640 776 1909 835 hostium
1959 776 2380 834 sustinuerunt
2409 784 2596 852 atque

446 893 468 945 5
507 877 771 953 amplius
820 877 990 936 heris
1040 895 1141 936 1111
1199 876 1533 936 fortissime
1591 883 2031 954 pflgneverunt,
2081 886 2142 936 et
2199 884 2414 952 paucis
2471 876 2598 936 vol-

507 976 758 1036 neribus
788 986 1061 1054 acceptis
1093 978 1439 1054 compleres
1487 996 1563 1035 ex
1608 978 1704 1036 his
1735 976 2105 1036 occiderunt.
2195 978 2421 1035 Postee.
2448 984 2594 1035 vere

508 1097 691 1153 quam
722 1077 1033 1153 equitatus
1076 1087 1287 1136 noster
1317 1077 1380 1135 in
1422 1085 1825 1154 censpectum
1855 1077 2038 1149 venit,
2072 1076 2284 1135 hostes
2335 1075 2593 1134 abiectis

508 1185 691 1236 armis
763 1186 935 1255 terga
1006 1184 1320 1266 verterunt
1389 1186 1771 1254 magnusque
1845 1183 2052 1234 eerurn
2139 1194 2427 1234 numerus
2499 1184 2596 1233 est

506 1296 768 1336 occisus.

756 1441 864 1484 'rue
891 1444 1172 1486 Rebellione
1200 1445 1377 1486 Morini
1407 1444 1648 1487 Subdued.
1704 1443 2074 1494 Thanksgiving
2101 1447 2153 1483 at
2180 1443 2349 1483 Rome.

414 1593 471 1627 10
590 1569 685 1620 38.
748 1564 979 1622 Caesar
1025 1570 1272 1639 postere
1320 1563 1420 1621 die
1469 1564 1540 1622 T.
1591 1563 1931 1621 Labienum
1982 1561 2246 1638 legatum
2304 1579 2443 1619 cum
2502 1569 2595 1620 eis

507 1661 854 1740 legienibus
887 1671 1041 1738 ques
1072 1680 1147 1720 ex
1197 1661 1513 1721 Britannia
1560 1664 1883 1720 redfixerat
1929 1661 1994 1719 in
2036 1660 2332 1733 MorineS,
2368 1668 2475 1736 qui
2507 1679 2597 1719 re-

507 1763 837 1821 bellienem
866 1761 1160 1834 fecerant,
1194 1761 1376 1821 misit.
1468 1762 1593 1835 Qui
1639 1780 1778 1819 cum
1826 1770 2076 1837 propter
2105 1759 2399 1819 siccitetis
2429 1760 2598 1836 palti·

507 1862 653 1920 dum
680 1869 803 1938 que
835 1868 900 1920 se
930 1861 1272 1937 reciperent
1303 1869 1430 1921 nen
1462 1862 1765 1921 haberent
1792 1861 1944 1940 (que
1968 1860 2249 1937 perfugis)
2280 1859 2596 1936 superiere

508 1969 671 2021 anne
702 1970 878 2020 erant
907 1962 1048 2041 fisi),
1084 1968 1298 2020 omnes
1327 1962 1459 2020 fere
1490 1962 1552 2020 in
1583 1970 1954 2038 potestatem
2000 1960 2262 2019 Labieni
2306 1967 2598 2037 pervene-

413 2092 469 2144 15
508 2071 665 2122 runt.
754 2064 839 2121 At
868 2061 945 2136 Q.
977 2062 1250 2121 Titfirius
1282 2073 1343 2121 et
1375 2064 1444 2122 L.
1479 2064 1665 2121 Cotta
1694 2062 1895 2138 legen,
1931 2069 2038 2137 qui
2067 2060 2129 2118 in
2165 2059 2596 2136 Menapierum

507 2164 654 2221 finis
697 2162 974 2240 legienes
1020 2163 1336 2237 dfixerant,
1370 2163 1657 2222 omnibus
1703 2171 1913 2222 eerum
1959 2170 2120 2239 agris
2166 2170 2441 2234 vestetiS,
2478 2163 2597 2221 frfi-

508 2272 731 2323 mentis
775 2272 1050 2336 succisis,
1084 2263 1383 2322 aedificiis
1430 2263 1718 2336 incensis,
1754 2263 1925 2339 quod
1972 2262 2252 2338 Menapii
2283 2268 2349 2320 se
2380 2270 2598 2321 omnes

507 2364 571 2422 in
616 2362 1017 2422 densissimas
1066 2362 1252 2422 silvas
1302 2363 1686 2437 abdiderant,
1739 2370 1806 2422 se
1855 2363 1935 2422 ad
1982 2365 2312 2422 Caesarem
2355 2369 2597 2440 recepe-

507 2472 665 2523 runt.
742 2466 971 2522 Caesar
1002 2463 1063 2521 in
1099 2464 1303 2540 Belgis
1333 2463 1608 2522 omnium
1638 2464 1948 2541 legienum
1978 2463 2238 2522 hiberna
2261 2462 2596 2523 Censtituit.

411 2595 472 2630 20
511 2566 600 2623 Ee
648 2563 806 2622 duae
858 2571 1112 2623 omnine
1162 2563 1443 2622 civitates
1493 2582 1568 2622 ex
1617 2564 1935 2623 Britannia
1982 2563 2233 2622 obsides
2279 2569 2594 2635 miserunt,

506 2663 776 2740 reliquae
822 2664 1237 2740 neglexerunt.
1331 2665 1451 2721 His
1492 2664 1676 2722 rebus
1712 2672 1903 2741 gestis
1935 2682 2012 2722 ex
2043 2662 2262 2721 litteris
2307 2662 2597 2721 Caesaris

508 2764 745 2823 dierum
775 2780 868 2822 xx
898 2763 1268 2840 supplicatis)
1298 2771 1335 2823 e
1367 2772 1587 2822 senati]
1619 2764 1865 2822 decreta
1899 2773 2009 2823 est.

1257 3675 1358 3717 Fre.
1379 3679 1442 3725 64.
1458 3696 1510 3703 -
1524 3675 1704 3716 ΟΛιιιε
1730 3676 1859 3717 Com.
