2819 4297
331 305 391 358 B.
422 311 486 359 G.
515 304 557 358 1.
588 308 689 375 11.]
834 290 1195 381 Campaign
1226 289 1502 383 against
1531 297 1932 363 Ariovistus.
2379 317 2427 384 9

332 490 684 567 Aquileiam
714 490 1071 551 hiemabant
1110 510 1185 549 ex
1228 491 1505 550 hibernis
1548 493 1768 564 educit,
1803 502 1879 566 et,
1917 500 2038 568 qua
2080 492 2423 568 proximum

328 592 447 651 iter
492 592 553 650 in
600 591 950 652 ulteriorem
971 588 988 621 ¹
1020 591 1285 650 Galliam
1318 611 1429 669 per
1459 592 1636 670 Alpis
1668 602 1815 665 erat,
1851 612 1989 652 cum
2019 594 2116 652 his
2148 603 2425 672 quinque

328 692 678 771 legionibus
718 703 805 752 ire
843 692 1178 752 contendit.

330 861 482 901 Some
508 858 677 900 Tribes
705 859 872 899 Resist
907 858 986 899 his
1020 858 1206 908 March,
1235 858 1323 900 but
1358 859 1421 900 he
1456 858 1658 900 Crosses
1684 861 1770 901 the
1797 860 1969 902 Rhone
1995 861 2120 902 with
2148 861 2226 902 his
2252 860 2420 913 Army.

419 994 517 1054 Ibi
550 998 894 1056 Ceutrones
928 1005 990 1054 et
1021 995 1328 1056 Graioceli
1373 1006 1435 1056 et
1466 999 1789 1074 Caturiges
1818 998 1970 1057 locis
2003 997 2422 1074 superioribus

327 1103 650 1173 occupatis
680 1095 897 1155 itinere
943 1096 1275 1155 exercitum
1313 1097 1634 1174 prohibere
1676 1105 1994 1157 conantur.
2087 1099 2422 1175 Compluri-

326 1197 450 1255 bus
480 1196 858 1284 his1proeliis
889 1194 1128 1273 pulsiS,²
1159 1198 1237 1256 ab
1270 1197 1482 1271 Ocelo,
1515 1199 1681 1274 quod
1713 1208 1807 1257 est
1838 1198 2137 1259 citerioris
2183 1199 2423 1275 provin-

327 1295 463 1355 ciae
522 1303 874 1371 extromum,
924 1297 986 1354 in
1028 1298 1178 1356 finis
1222 1299 1665 1357 Vocontiorum
1712 1299 2015 1358 ulterioris
2067 1299 2419 1376 provinciae

328 1396 434 1456 die
480 1396 744 1484 septimo
789 1395 1145 1473 pervenit;³
1197 1398 1339 1457 inde
1386 1398 1449 1457 in
1495 1399 1893 1476 Allobrogum
1929 1399 2094 1471 finis,
2135 1400 2212 1458 ab
2259 1400 2419 1458 Allo-

326 1495 627 1574 brogibus
686 1497 750 1555 in
801 1497 1175 1574 Segusiavos
1222 1498 1554 1557 exercitum
1604 1498 1788 1558 ducit.
1906 1500 1992 1556 Hi
2051 1509 2193 1558 sunt
2252 1507 2421 1558 extra

330 1597 713 1697 provipciam
745 1606 916 1656 trans
952 1599 1324 1657 Rhodanum
1355 1607 1550 1675 primi.

329 1775 438 1817 The
467 1774 683 1815 Helvetii
711 1773 924 1815 commit
951 1774 1306 1826 Depredations
1335 1787 1397 1816 on
1418 1776 1544 1816 their
1569 1776 1755 1826 March,
1778 1779 1873 1819 and
1902 1778 2097 1819 Several
2126 1778 2294 1818 ‘'tribe-3
2327 1779 2421 1817 Ask

949 1840 1025 1881 for
1052 1840 1260 1881 Caesar's
1290 1841 1418 1892 Help
1446 1843 1643 1893 against
1669 1843 1820 1884 them.

417 1985 512 2035 11.
569 1978 842 2037 Helvotii
871 1977 991 2036 iam
1022 1996 1132 2054 per
1162 1979 1479 2054 angustias
1523 1988 1585 2038 et
1620 1980 1764 2038 finis
1808 1981 2229 2056 Sequanorum
2276 1988 2418 2038 suas

329 2077 548 2156 copias
611 2078 1021 2152 traduxerant,
1083 2087 1145 2137 et
1215 2079 1276 2137 in
1349 2079 1753 2138 Haeduorum
1810 2081 1955 2139 finis
2014 2087 2418 2158 pervonerant

330 2189 669 2259 eorumque
710 2191 890 2261 agros
930 2183 1401 2260 populabantur.
1496 2183 1762 2254 Haedui,
1797 2202 1932 2241 cum
1972 2189 2038 2240 se
2070 2202 2302 2256 suaque
2341 2177 2422 2239 ab·

328 2292 423 2341 eis
476 2283 813 2344 dofendere
863 2291 987 2344 non
1040 2293 1313 2360 possent,
1368 2282 1629 2360 legatos.
1660 2283 1738 2341 ad
1792 2284 2116 2341 Caesarem
2170 2283 2419 2340 mittunt

330 2380 656 2461 rogatum*
699 2384 1026 2443 auxilium:
1079 2387 1213 2443 ‘Ita
1259 2391 1325 2443 se
1370 2391 1539 2442 omni
1590 2393 1865 2460 tempore
1911 2383 1988 2442 do
2029 2382 2258 2459 populo
2302 2385 2420 2441 Ro-

328 2492 519 2544 mano
558 2485 809 2547 meritos
860 2506 998 2546 esse
1040 2497 1107 2546 ut
1150 2505 1347 2563 paene
1393 2485 1456 2545 in
1502 2493 1837 2561 conspecto
1881 2484 2184 2543 exercitiis
2229 2491 2420 2541 nostri

330 2594 464 2663 agri
502 2595 745 2661 vastari,
779 2586 953 2646 liberi
988 2587 1266 2667 [eorum]
1301 2588 1363 2646 in
1407 2587 1760 2647 servitutem
1793 2585 2032 2657 abduci,
2067 2584 2296 2661 oppida
2325 2603 2423 2641 ex-

329 2695 594 2763 pognari
625 2694 750 2746 non
782 2686 1146 2768 debuerint)
1237 2689 1470 2748 Eodem
1516 2698 1791 2764 tempore
1833 2686 2082 2745 Haedui
2115 2684 2415 2753 Ambarri,

330 2788 669 2847 necessarii
693 2797 755 2846 et
778 2787 1222 2865 consanguinei
1250 2789 1672 2860 Haeduorum,
1708 2789 2038 2846 Caesarem
2071 2781 2423 2844 certiorem⁵

2497 1118 2522 1170 5

2460 1618 2520 1653 10

2462 2402 2521 2455 15

329 2887 569 2946 faciunt
616 2895 753 2952 soso
802 2888 1193 2964 depopulatis
1253 2898 1415 2967 agris
1475 2896 1598 2948 non
1658 2888 1839 2946 facile
1885 2887 1962 2944 ab
2009 2885 2253 2962 oppidis
2297 2883 2420 2942 vim
2459 2903 2523 2938 20

328 2986 605 3046 hostium
644 2988 987 3064 prohibore.
1078 2992 1235 3048 Item
1269 2990 1652 3066 AllobrogeS‚
1686 2997 1792 3064 qui
1836 2994 2003 3046 trans
2051 2984 2420 3043 Rhodanum

330 3083 547 3147 vicos⁶
614 3089 1167 3166 possessionesque
1234 3090 1565 3161 habebant,
1619 3089 1767 3165 fuga
1827 3095 1893 3146 se
1952 3086 2031 3145 ad
2091 3087 2420 3145 Caesarem

326 3190 638 3269 recipiunt
668 3201 729 3252 et
760 3193 1183 3253 demonstrant
1225 3193 1343 3252 sibi
1384 3202 1628 3270 praeter
1672 3200 1800 3269 agri
1845 3191 2041 3250 solum
2088 3189 2238 3247 nihil
2283 3208 2421 3248 esse

288 3289 596 3369 ‘reliquis
680 3293 925 3367 Quibus
955 3294 1137 3352 robus
1170 3293 1473 3353 adductus
1521 3294 1751 3352 Caesar
1780 3298 1904 3351 non
1936 3290 2422 3366 exspectandum

329 3391 453 3451 sibi
484 3394 699 3453 statuit
729 3388 892 3466 dum,
926 3393 1212 3453 omnibus
1253 3394 1517 3452 fortonis
1554 3387 1899 3452 sociorum⁸
1927 3398 2323 3466 consumptis,
2358 3390 2420 3447 in

332 3494 650 3554 Santonos
682 3493 956 3553 Helvotii
988 3502 1396 3570 pervenirent.

417 3660 503 3709 Cf.
527 3658 547 3693 ¹
571 3660 901 3726 ulteriorem,
927 3675 975 3723 p.
1002 3659 1048 3718 6,
1073 3660 1104 3709 1.
1137 3660 1209 3710 16.
1229 3690 1298 3697 —
1318 3659 1342 3693 2
1363 3663 1603 3726 pulsum,
1632 3672 1676 3720 7,
1704 3657 1864 3708 2.—8
1889 3659 2154 3724 pervenit,
2181 3657 2226 3716 6,
2259 3671 2331 3720 17.
2355 3685 2424 3693 -

325 3743 348 3779 ¹
374 3746 581 3810 rugire,
617 3743 665 3802 6,
695 3743 889 3794 26.—⁶
913 3744 1181 3809 certioros,
1209 3744 1255 3802 6,
1285 3744 1478 3792 21.—-⁶
1503 3745 1671 3809 vicos,
1706 3757 1752 3804 4,
1792 3742 1981 3804 19.-—⁷
2007 3742 2234 3807 reliqua,
2268 3755 2316 3801 4,
2347 3753 2418 3804 19.

325 3856 396 3866 —
417 3825 439 3861 ⁸
461 3827 656 3894 socios,
685 3839 728 3894 5,
755 3839 798 3894 5.

2460 3401 2522 3455 25
