2819 4297
438 269 570 349 246
1178 267 1310 331 The
1364 267 1585 331 Gallie
1630 265 1799 330 War.
2298 276 2531 344 [CAESAR

1116 525 1488 577 Vercingetorix
1517 526 1824 566 Sur-rendere.

519 655 614 704 89.
677 648 933 706 Postero
963 646 1063 704 dio
1104 646 1574 722 Vercingetorix
1617 644 1879 704 concilio
1924 652 2268 705 convocato
2312 646 2376 704 id
2407 646 2531 706 bel-

438 748 561 805 lum
593 755 659 806 so
704 746 1051 823 suscepisse
1097 753 1221 805 non
1269 754 1516 804 suarum
1561 745 1999 804 necessitatum
2044 746 2156 804 sed
2186 746 2530 806 communis

438 846 740 906 libertatis
772 855 960 905 causa
1005 848 1423 918 domonstrat3
1450 839 1532 904 *et
1564 846 1854 921 quoniam
1887 846 1967 905 sit
1994 847 2281 906 {ortonae
2312 848 2529 907 ceden-

438 950 602 1019 dum,
639 947 718 1005 ad
750 957 1073 1022 utramque
1105 966 1229 1004 rem
1263 953 1329 1005 so
1362 946 1483 1005 illis
1515 922 1752 1019 offerre,
1787 965 1897 1005 seu
1938 956 2132 1006 morte
2164 956 2276 1007 sua
2308 950 2529 1008 Roma-

373 1067 400 1119 5
439 1058 535 1108 nis
566 1047 923 1107 satisfacere
965 1066 1075 1107 seu
1118 1056 1323 1105 vivum
1369 1047 1611 1105 tradere
1656 1046 1863 1106 velint.
1956 1047 2286 1107 Mittuntur
2325 1050 2402 1108 do
2432 1051 2530 1107 his

437 1151 621 1209 robus
653 1150 731 1208 ad
767 1150 1097 1208 Caesarem
1136 1148 1338 1224 logati.
1431 1147 1615 1205 Iubet
1646 1165 1813 1204 arr-a.
1844 1148 2022 1220 tradi,
2058 1149 2369 1226 principes
2399 1157 2533 1227 pro-

438 1251 596 1309 duci.
688 1252 834 1326 Ipse
894 1248 957 1306 in
1018 1246 1360 1307 munitione
1419 1254 1532 1324 pro
1590 1256 1809 1305 castris
1870 1249 2172 1322 considit3
2219 1258 2295 1309 eo
2340 1251 2529 1310 ducos

438 1351 874 1427 prodocuntur.
991 1348 1461 1424 Vercingetorix
1532 1347 1778 1406 deditur
1807 1372 1818 1417 ·‚
1893 1368 2060 1407 arma
2129 1351 2529 1426 proiciuntur.

440 1453 799 1509 Reservatis
834 1449 1120 1507 Haeduis
1153 1458 1338 1525 atque
1370 1450 1682 1519 Arvernis,
1718 1457 1771 1506 si
1802 1468 1913 1524 per
1941 1457 2050 1508 eos
2075 1450 2340 1509 civitatis
2365 1471 2531 1511 recu-

339 1568 402 1603 ιο
439 1559 650 1627 perare
682 1559 911 1625 posset,
945 1568 1020 1607 ex
1044 1548 1296 1625 reliquis
1323 1557 1585 1624 captivis
1605 1556 1719 1608 toti
1743 1549 2037 1609 exercitui
2060 1551 2266 1627 capita
2291 1552 2532 1629 singula

437 1650 702 1727 praedae
732 1649 981 1709 nomine
1014 1648 1342 1708 distribuit.

488 1832 696 1874 Cesar-’s
733 1833 1060 1873 Distribution
1091 1831 1143 1872 of
1177 1832 1256 1872 his
1294 1832 1474 1872 Forces
1510 1832 1587 1873 for
1617 1833 1703 1873 the
1739 1832 1950 1873 winter.
2003 1834 2046 1873 A
2082 1834 2293 1885 ‘twenty
2325 1834 2476 1885 Days‘

1036 1899 1408 1951 Thanksgiving
1437 1898 1650 1940 Decreed
1678 1904 1729 1940 at
1757 1899 1928 1940 Rome.

521 2028 615 2078 90.
680 2022 800 2079 His
830 2018 1348 2078 robus-confectis
1389 2017 1451 2076 in
1501 2019 1803 2077 Haeduos
1847 2020 2278 2095 proficiscitur-3
2326 2022 2531 2081 civita-

439 2132 562 2182 tem
594 2120 827 2198 recipit.
920 2122 1010 2180 Eo
1041 2120 1229 2197 logati
1260 2119 1340 2178 ab
1372 2120 1669 2178 Arvernis
1711 2119 1881 2178 missi
1914 2139 2073 2196 quae
2104 2120 2433 2198 imperaret
2465 2129 2531 2182 se

437 2225 711 2283 factoros
743 2222 1123 2299 pollicentur.
1216 2223 1491 2296 Imperat
1535 2228 1822 2296 magnum
1870 2240 2189 2280 numerum
2220 2223 2525 2282 obsidum.

344 2341 404 2393 15
441 2324 749 2400 Legionos
795 2324 856 2381 in
902 2323 1160 2381 hiberna
1206 2320 1422 2394 mittit3
1487 2328 1867 2396 captivorum
1913 2321 2155 2380 circiter
2213 2341 2303 2381 xx
2364 2324 2530 2382 milia

443 2424 725 2482 Haeduis
774 2425 1191 2497 Arvernisque
1241 2421 1461 2480 reddit.
1552 2422 1623 2480 T.
1686 2421 2029 2479 Labienum
2089 2442 2228 2481 cum
2288 2425 2529 2484 duabus

440 2522 785 2599 legionibus
831 2531 893 2580 et
938 2522 1215 2598 equitata
1261 2521 1320 2578 in
1376 2524 1697 2597 Soquanos
1759 2522 2065 2597 proficisci
2119 2523 2324 2596 iubet3
2383 2525 2529 2585 huic

442 2625 527 2681 M.
565 2621 991 2698 Sempronium
1041 2622 1315 2679 Rutilum
1358 2622 1653 2680 attribuit.
1746 2624 1814 2681 C.
1862 2622 2118 2681 Fabium
2163 2624 2431 2702 legatum
2469 2636 2531 2685 et

439 2727 508 2783 L.
561 2722 902 2782 Minucium
965 2721 1234 2781 Basilum
1294 2741 1432 2779 cum
1496 2721 1843 2797 legionibus
1903 2723 2145 2783 duabus
2198 2726 2260 2783 in
2314 2727 2529 2785 Romis

339 2850 401 2885 20
437 2824 737 2896 conlocat,
772 2831 848 2882 no
880 2842 1065 2900 quam
1096 2831 1132 2880 a
1162 2821 1444 2880 finitimis
1485 2822 1825 2881 Bellovacis
1863 2824 2276 2884 calamitatem
2309 2825 2530 2902 accipi-

437 2934 562 2984 ant.
655 2926 724 2984 C.
759 2923 1097 2982 Antistium
1131 2925 1439 3000 Reginum
1470 2921 1530 2979 in
1572 2922 2021 2996 AmbivaretoS‚
2056 2926 2127 2983 T.
2164 2925 2434 2985 Sextium
2466 2927 2527 2984 in

440 3027 760 3102 BiturigoS‚
812 3027 880 3084 C.
924 3023 1252 3084 Caninium
1302 3022 1589 3081 Rebilum
1634 3022 1697 3080 in
1745 3025 2043 3096 RutonoS,
2089 3044 2228 3084 cum
2273 3025 2530 3102 singulis

437 3124 785 3201 legionibus
831 3124 1031 3183 mittit.
1121 3123 1198 3197 Q.
1246 3123 1517 3181 Tullium
1565 3122 1928 3182 Ciceronem
1974 3134 2036 3184 et
2088 3127 2152 3183 P.
2191 3126 2528 3202 Sulpicium

439 3225 752 3284 Cabilloni
781 3234 844 3283 et
876 3223 1229 3282 Matiscone
1262 3222 1322 3280 in
1372 3224 1657 3281 Haeduis
1689 3223 1766 3281 ad
1813 3223 2055 3282 Ararim
2086 3234 2176 3283 rei
2203 3226 2531 3285 fromenta-

339 3349 365 3383 2
374 3347 400 3400 5
438 3326 564 3384 riae
595 3332 784 3383 causa
815 3325 1116 3383 conlocat.
1209 3326 1354 3400 Ipse
1387 3323 1671 3381 Bibracte
1702 3323 1971 3383 hiemare
2002 3325 2339 3386 constituit.

525 3427 646 3482 His
671 3426 841 3482 re‘bus
862 3445 934 3481 ex
962 3426 1237 3482 Caesaris
1260 3423 1478 3482 litteris
1503 3421 1766 3499 cognitis
1792 3426 2030 3485 Romae
2053 3426 2288 3485 diorum
2311 3428 2529 3505 viginti

439 3524 808 3601 supplicatio
839 3524 1128 3582 redditur.
