2819 4297
321 286 378 335 Β.
405 285 468 334 G.
496 287 536 333 Ι.
562 283 667 348 46-]
813 270 1180 355 Campazgn
1210 271 1481 355 against
1511 270 1912 335 Ariovistus.
2315 293 2398 354 41

320 463 614 524 Ariovisti
685 481 872 538 quam
943 462 1156 539 populi
1229 463 1513 521 Romani.
1636 461 1806 520 Bello
1873 471 2196 539 superatos
2269 483 2406 524 esse

320 567 633 624 Arvernos
664 572 725 622 et
768 564 1049 621 Rutenos
1098 563 1174 620 ab
1208 562 1284 636 Q.
1321 561 1515 621 Fabio
1559 561 1851 635 Maximo,
1886 562 2110 638 quibus
2141 565 2407 641 populus

322 667 640 725 Romanus
672 662 1010 741 ignovisset
1062 681 1262 739 neque
1295 663 1354 720 in
1405 661 1786 739 provinciam
1827 663 2168 740 redegisset
2205 683 2405 741 neque

319 758 695 836 stipendium
739 755 1152 833 imposuisset.
1243 757 1428 831 Quod
1476 766 1527 815 si
1571 756 2069 833 antiquissimum
2115 758 2434 835 quodque⁴

320 869 561 936 tempus
591 865 857 935 spectari
898 863 1224 934 oporteret,
1258 857 1473 934 populi
1520 860 1788 917 Romani
1836 858 2237 918 iustissimum
2268 877 2407 920 esse
2478 888 2507 942 5

862 1493 959 1533 Fm.
982 1506 1043 1532 21.
1057 1491 1238 1532 —Com
1257 1502 1315 1531 os
1333 1501 1429 1530 ‘run
1446 1491 1630 1530 ΕΑΒιΑΝ
1655 1491 1857 1532 Fama.

321 1644 384 1704 in
442 1645 646 1706 Gallia
702 1640 1088 1722 imperium;¹
1133 1650 1186 1702 si
1232 1641 1522 1701 iudicium
1568 1650 1821 1702 senatus
1866 1644 2179 1704 observari
2237 1665 2410 1723 opor-

323 1752 493 1818 teret,
528 1745 781 1804 liberam
817 1745 1042 1804 debere
1089 1763 1227 1803 esse
1277 1742 1559 1816 Galliam,
1594 1763 1777 1820 quam
1818 1744 1983 1803 bello
2024 1745 2247 1804 victam
2280 1755 2409 1806 suis

322 1845 560 1924 legibus
591 1855 679 1905 uti
709 1844 1040 1905 voluisset!

437 2011 542 2052 The
568 2011 807 2054 Germanas
835 2011 981 2051 Make
1006 2022 1037 2052 a
1065 2010 1399 2051 Treaeherous
1426 2009 1622 2059 Attack,
1651 2011 1749 2051 and
1776 2010 1942 2053 Caesar
1960 2011 2288 2054 withdraws.

404 2143 502 2193 46·
566 2145 731 2202 Dum
771 2143 925 2202 haec
956 2142 1017 2201 in
1049 2140 1378 2219 conloquio
1408 2138 1745 2219 geruntur,²
1776 2144 2031 2202 Caesari
2063 2144 2408 2204 nuntiatum

326 2252 420 2304 est
460 2244 697 2320 equites
730 2242 1021 2302 Ariovisti
1051 2238 1344 2319 propius⁸
1371 2244 1670 2302 tumulum
1706 2241 2045 2317 accedere,⁴
2073 2254 2134 2304 et
2165 2245 2243 2305 ad
2275 2266 2407 2305 nos·
2448 2272 2509 2308 10

324 2351 450 2403 tros
482 2343 854 2420 adequitare,
889 2341 1126 2420 lapides
1156 2341 1399 2420 telaque
1425 2343 1487 2401 in
1519 2351 1763 2403 nostros
1795 2343 2121 2405 conicere.⁵
2179 2348 2411 2406 Caesar

324 2442 618 2521 loquendi
648 2444 838 2501 finem
882 2443 1048 2515 fecit,
1075 2450 1265 2520 seque
1299 2444 1378 2502 ad
1423 2452 1568 2503 suos
1605 2444 1835 2521 recepit
1865 2454 2115 2523 suisque
2157 2446 2409 2523 impera-

325 2543 410 2603 vit
455 2550 533 2603 ne
582 2544 750 2620 quod
796 2552 1047 2603 omnino
1091 2544 1281 2603 telum
1327 2543 1390 2603 in
1439 2545 1635 2604 hostis
1687 2545 2003 2606 reicerent.
2096 2550 2256 2607 Nam
2292 2556 2408 2607 etsi

324 2643 456 2703 sine
495 2644 620 2704 {1116
664 2645 936 2721 periculo
981 2644 1239 2721 legionis
1285 2645 1562 2705 delectae
1606 2665 1745 2705 cum
1788 2648 2067 2724 equitatu
2111 2648 2408 2724 proelium

322 2744 452 2804 fore
495 2744 761 2817 videbat,
807 2754 1014 2804 tamen
1057 2744 1561 2805 committendum
1608 2754 1731 2806 non
1778 2749 2055 2823 putabat,
2105 2758 2172 2807 ut
2214 2749 2408 2824 pulsis
2450 2771 2508 2824 ¹5

323 2843 606 2904 hostibus
650 2845 772 2904 dici
815 2854 1026 2921 posset
1069 2853 1177 2904 eos
1223 2845 1300 2904 ab
1333 2852 1398 2903 se
1442 2865 1551 2922 per
1594 2846 1777 2905 fidem
1822 2847 1883 2904 in
1930 2848 2260 2924 conloquio
2303 2847 2411 2907 cir-

324 2940 732 3005 cumvent65.⁶
833 2947 1244 3022 Posteaquam
1317 2944 1377 3003 in
1439 2947 1654 3023 volgus
1712 2946 1970 3005 militum
2031 2948 2257 3007 elatum
2317 2957 2412 3007 est

324 3053 446 3120 qua
497 3045 859 3122 adrogantia
912 3045 973 3103 in
1027 3044 1358 3122 conloquio
1400 3046 1745 3105 Ariovistus
1793 3056 1939 3106 usus
1992 3058 2159 3107 omni
2207 3048 2409 3107 Gallia

327 3146 625 3204 Romanis
655 3144 1090 3217 interdixisset,
1124 3142 1578 3222 impetumque⁷
1608 3146 1670 3204 in
1700 3154 1947 3206 nostros
1992 3147 2123 3206 eius
2168 3148 2410 3224 equites

322 3244 637 3318 fecissent,
672 3265 868 3323 eaque
912 3253 1009 3305 res
1054 3244 1451 3322 conloquium
1482 3255 1547 3304 ut
1580 3246 1946 3321 diremisset,
1978 3249 2171 3308 multo
2215 3249 2409 3309 maior
2445 3272 2507 3308 20

324 3344 608 3404 alacritas
639 3345 1033 3423 studiumque
1078 3346 1393 3423 pugnandi
1425 3346 1621 3404 maius
1653 3346 1946 3406 exercitui
1976 3346 2265 3407 iniectum
2297 3360 2409 3409 est.

410 3494 495 3544 cf.
519 3492 539 3528 ¹
563 3494 809 3561 imperio,
846 3511 897 3560 p.
925 3495 1001 3555 28,
1035 3496 1072 3543 1.
1101 3508 1144 3561 5.
1167 3524 1232 3532 —-
1255 3494 1279 3527 2
1303 3497 1575 3561 gerantur,
1620 3508 1697 3561 15,
1724 3507 1799 3559 13.
1818 3496 1921 3533 —8
1945 3491 2184 3563 propius,
2225 3511 2304 3562 37,
2335 3498 2411 3548 16.

322 3606 391 3617 —-
407 3575 431 3610 ⁴
450 3579 792 3645 accessisset,
814 3592 893 3643 37,
919 3579 992 3629 16.
1010 3606 1078 3615 -—
1092 3577 1116 3611 ⁶
1138 3578 1496 3645 coniciebant,
1524 3593 1601 3640 24,
1623 3593 1668 3641 4.
1689 3609 1757 3617 -—
1772 3581 1794 3615 ⁶
1815 3580 2305 3646 circumveniatur,
2333 3595 2411 3645 37,

327 3658 409 3713 26.
423 3688 494 3699 -
508 3658 531 3693 '¹
553 3660 843 3731 impetum,
865 3675 945 3721 40,
971 3660 1016 3711 6.
