2819 4297
289 280 347 329 B.
367 278 435 329 G.
454 280 549 328 VI.
570 278 674 345 35.]
750 267 1005 331 Second
1028 267 1432 350 Expedition
1466 269 1601 332 into
1639 270 1986 351 Germany.
2253 289 2271 331 i
2289 285 2375 352 79

363 526 440 567 An
469 525 701 567 Invaoion
729 526 855 567 from
885 525 1147 576 Germany.
1203 525 1306 566 The
1335 526 1595 577 Sugambri
1624 526 1775 568 Come
1801 527 1878 568 for
1904 538 1934 568 a
1961 526 2113 569 Share
2139 527 2189 567 in
2215 526 2302 568 the

417 592 629 634 Plunder
655 593 707 634 of
732 592 818 633 the
846 591 1115 632 Eburones.
1171 592 1308 641 They
1335 592 1572 633 Advance
1600 593 1823 633 towards
1852 593 2060 634 Cesar-'s
2087 592 2257 644 camp.

374 720 470 769 35.
533 712 711 770 Haec
769 711 834 769 in
892 710 1176 769 omnibus
1238 711 1594 788 Eburonum
1653 711 1930 788 partibus
1986 712 2373 789 gerobantur‚

291 813 550 890 diesque
595 807 965 888 adpetEbat¹
1007 828 1115 882 vn,
1164 830 1346 886 quem
1392 795 1679 870 ad'diem
1726 813 1959 871 Caesar
2003 812 2081 870 ad
2126 813 2377 889 impedi-

294 922 502 973 menta
543 911 970 988 legionemque
1017 919 1240 970 reverti
1286 910 1709 970 constituerat.
1802 913 1926 969 Hic
1972 922 2267 988 quantum
2312 912 2375 972 in

291 1013 459 1073 bello
481 1013 726 1071 fortuna
755 1011 954 1088 possit
975 1021 1037 1070 et
1062 1018 1329 1086 quantos
1359 1011 1602 1070 adferat
1624 1020 1804 1070 casos
1829 1019 2124 1088 cognosci
2155 1013 2372 1089 potuit.

296 1108 671 1190 Dissipatis²
698 1130 770 1171 ac
814 1110 1155 1187 perterritis
1202 1111 1504 1183 hostibus,
1539 1121 1605 1169 ut
1649 1111 2223 1184 domonstravimus,
2258 1132 2378 1171 ma·
2450 1136 2476 1188 5

292 1233 411 1273 nus
443 1223 575 1272 erat
604 1212 769 1271 nolla
800 1231 958 1288 quae
989 1230 1241 1288 parvam
1287 1211 1472 1270 modo
1519 1230 1768 1269 causam
1813 1211 2050 1270 timoris
2095 1212 2376 1273 adferret.

292 1316 498 1374 Trans
544 1313 831 1371 Rhenum
863 1313 941 1370 ad
982 1313 1326 1371 Germanos
1369 1307 1692 1387 pervenit⁸
1718 1312 1883 1370 fama
1923 1311 2106 1388 diripi
2149 1312 2378 1372 Eburo-

294 1422 408 1474 nes
439 1423 626 1489 atque
654 1395 815 1472 ultro
850 1422 1050 1471 omnis
1095 1413 1174 1472 ad
1216 1411 1513 1488 praedam
1557 1409 1842 1471 evocari.⁴
1927 1413 2176 1489 Cogunt
2214 1411 2379 1488 equi·

295 1527 426 1575 tum
456 1511 580 1573 duo
610 1513 778 1571 milia
810 1513 1152 1590 Sugambri,
1192 1522 1298 1589 qui
1330 1522 1475 1571 sunt
1516 1512 1776 1588 proximi
1814 1513 2053 1585 Rheno,
2087 1522 2125 1571 a
2154 1513 2379 1589 quibus

297 1622 578 1692 receptos
608 1633 683 1672 ex
712 1614 859 1690 fuga
889 1615 1229 1673 Tencteros
1264 1623 1452 1690 atque
1484 1613 1780 1689 Usipetes
1812 1622 1999 1691 supra
2038 1614 2376 1673 docuimus,
2421 1641 2479 1677 10

297 1718 650 1775 Transeunt
699 1715 986 1772 Rhenum
1036 1712 1300 1772 navibus
1352 1712 1709 1790 ratibusque
1762 1731 1898 1771 xxx
1949 1714 2197 1773 milibus
2246 1733 2382 1790 pas-

300 1834 479 1876 suum
509 1815 667 1874 infra
696 1832 833 1873 eum
865 1814 1065 1873 locum
1102 1813 1204 1872 ubi
1242 1821 1402 1890 pons
1435 1823 1564 1871 erat
1599 1811 1948 1890 perfectus⁶
1990 1813 2382 1892 praesidium-

303 1936 420 1994 que
452 1917 531 1976 ab
564 1917 829 1975 Caesare
860 1915 1153 1974 relictum.
1244 1916 1483 1973 Primos
1531 1915 1883 1974 Eburonum
1923 1916 2071 1974 finis
2112 1916 2380 1988 adeunt;

304 2018 530 2077 multos
559 2036 635 2076 ex
662 2016 810 2092 fuga
839 2015 1153 2092 dispersos
1188 2011 1550 2091 excipiunt,⁶
1581 2022 1805 2092 magno
1834 2015 2077 2091 pecoris
2108 2023 2380 2089 numero,

303 2117 476 2180 coins
506 2127 650 2177 sunt
682 2115 1064 2193 cupidissimi
1106 2115 1368 2188 barbari,
1403 2114 1738 2192 potiuntur.
1832 2113 2122 2175 Invitati⁷
2153 2116 2384 2191 praeda
2423 2140 2482 2194 15

304 2219 546 2296 longius
589 2217 950 2295 procodunt.
1060 2218 1204 2276 Non
1249 2217 1366 2276 hos
1409 2218 1669 2293 paludes
1713 2217 1879 2276 bello
1922 2215 2382 2292 latrociniisque

303 2328 501 2391 natoS,
536 2326 659 2378 non
703 2318 891 2376 silvae
934 2311 1293 2376 morantur.⁸
1378 2316 1623 2391 Quibus
1653 2316 1715 2374 in
1748 2317 1900 2377 locis
1938 2316 2017 2376 sit
2050 2319 2281 2376 Caesar
2309 2335 2384 2376 ex

303 2428 566 2496 captivis
610 2427 941 2494 quaerunt3
989 2417 1330 2493 profectum
1377 2416 1620 2493 longius
1664 2417 1976 2494 reperiunt
2018 2436 2384 2494 omnemque

304 2518 635 2579 exercitum
666 2516 1027 2577 discessisse
1063 2524 1466 2593 cognoscunt.
1559 2519 1766 2593 Atque
1798 2528 1955 2576 unus
1985 2536 2060 2577 ex
2089 2526 2381 2594 captivis:

308 2628 343 2653 ⁴⁴
368 2618 536 2693 Quid
583 2618 755 2689 voS,'’
800 2616 1016 2694 inquit,
1055 2617 1271 2675 “hanc
1318 2617 1604 2676 miseram
1649 2636 1722 2676 ac
1769 2627 2028 2677 tenuem.
2066 2617 2384 2677 sectamini
2422 2641 2486 2676 20

302 2718 617 2796 praedam,
668 2717 892 2794 quibus
944 2717 1090 2776 licet
1137 2716 1259 2775 iam
1308 2735 1444 2776 esse
1495 2716 2052 2776 fortunatissimos?
2159 2719 2386 2778 Tribus

306 2820 476 2878 horis
508 2819 895 2877 Aduatucam
927 2825 1135 2875 venire
1165 2817 1428 2893 potestis
1456 2839 1469 2888 3
1517 2817 1636 2875 huc
1667 2826 1868 2875 omnis
1899 2826 2043 2876 suas
2071 2813 2391 2877 fortunas⁹

307 2918 610 2978 exercitus
657 2919 1076 2976 Romanorum
1126 2916 1403 2975 contulit.
1495 2916 1771 2976 Praesidi
1810 2927 2046 2975 tantvm
2086 2927 2181 2975 est
2211 2927 2279 2976 ut
2308 2922 2390 2976 no

309 3028 515 3077 morus
559 3016 807 3093 quidem
852 3016 1019 3093 cingi
1038 3012 1079 3048 ¹⁰
1120 3015 1335 3092 possit,
1370 3035 1572 3092 neque
1604 3016 1925 3093 quisquam
1964 3017 2174 3093 egredi
2218 3024 2389 3076 extra

308 3116 681 3177 munitiones
714 3117 997 3176 audeat.’'
1090 3117 1231 3173 Hc‘z'c
1262 3116 1471 3176 oblata
1502 3124 1612 3193 spe
1636 3118 1930 3176 Germani
1955 3136 2139 3193 quam
2163 3126 2331 3175 nacti
2350 3113 2389 3148 ¹¹
2426 3141 2486 3194 25

307 3227 486 3277 erant
526 3217 816 3295 praedam
855 3215 919 3274 in
960 3216 1204 3277 occulto
1235 3216 1631 3293 relinquunt;
1680 3216 1797 3293 ipsi
1829 3216 2216 3276 Aduatucam
2250 3235 2389 3276 con-

305 3318 571 3378 tendunt
599 3325 695 3377 usi
724 3316 942 3377 eodem
975 3317 1130 3376 duce
1160 3316 1333 3376 cuius
1363 3318 1519 3376 haec
1549 3316 1780 3376 indicio
1811 3325 2244 3393 cognoverant.

395 3468 483 3520 Cf.
509 3466 530 3500 ²
555 3468 859 3519 accodobat.
877 3495 942 3503 —
955 3466 978 3499 2
1003 3467 1265 3519 disiectis.
1280 3495 1349 3503 —
1364 3465 1387 3499 ⁸
1404 3464 1690 3531 perfertur.
1707 3468 1807 3503 —⁴
1831 3467 2048 3517 arcessi.
2065 3465 2167 3503 —5
2189 3468 2387 3519 factus.

304 3581 370 3590 —
381 3552 404 3586 ⁶
429 3552 853 3617 doprehendunt.
865 3580 935 3587 —
947 3549 966 3582 ⁷
991 3550 1219 3604 inducti.
1236 3578 1304 3588 -
1316 3548 1336 3581 ⁸
1355 3550 1598 3604 tardant.
1612 3577 1681 3587 -
1693 3547 1715 3581 ⁹
1732 3551 1817 3604 ros
1834 3547 2147 3604 familiaris.
2161 3578 2230 3586 —
2242 3547 2284 3582 1⁰
2303 3550 2393 3601 do-

297 3634 472 3697 lendi.
489 3665 558 3675 —
570 3633 613 3669 11
637 3635 974 3687 mvonerant.
