2819 4297
283 280 347 329 Β.
372 279 438 331 G.
470 280 535 328 V.
566 281 665 346 15.]
798 269 1053 333 Second
1095 270 1412 334 Invasion
1460 272 1542 351 os
1577 269 1871 333 Britain.
2253 288 2327 334 12
2336 285 2376 351 7

285 460 452 519 niam
499 469 755 536 spectat.
849 461 992 520 Hoc
1041 459 1275 519 milium
1322 480 1616 538 passuum
1647 478 1809 521 Dece
1839 460 1902 520 in
1932 460 2376 540 longitudinem

283 578 424 620 esse
474 559 875 619 existimatur.
968 563 1065 620 Ita
1111 561 1312 620 omnis
1365 562 1567 621 insula
1618 569 1713 621 est
1764 560 1827 619 in
1879 560 2136 622 circuitu
2187 562 2376 622 vicies

282 670 537 721 centum
566 659 803 718 milium
835 680 1146 738 passuum.

1006 826 1235 868 Customs
1262 828 1313 869 of
1338 829 1424 869 the
1452 828 1668 869 Britona.

369 955 465 1004 14.
529 948 621 1006 Ex
651 946 749 1006 his
779 946 1069 1006 omnibus
1099 947 1282 1025 longe
1314 956 1458 1005 sunt
1488 946 1916 1013 humanissimi
1946 956 2052 1025 qui
2084 948 2374 1009 Cantium

283 1048 565 1107 incolunt
621 1047 809 1127 (quae
853 1047 1022 1124 regic')
1067 1056 1161 1107 est
1207 1047 1511 1106 maritima
1563 1045 1813 1125 omnis),
1866 1067 2065 1125 neque
2117 1049 2373 1108 multum

281 1156 322 1207 a
368 1147 611 1207 Gallica
655 1148 949 1208 differunt
993 1148 1458 1207 consuetudine.
1551 1149 1880 1208 Interiores
1931 1149 2207 1225 plerique
2256 1150 2373 1209 fru-

283 1258 495 1308 menta
546 1254 672 1307 non
724 1257 955 1320 serunt,
1003 1248 1116 1308 sed
1168 1248 1326 1308 lacte
1377 1258 1441 1307 et
1489 1267 1674 1308 carne
1724 1257 1938 1307 vivunt
1986 1248 2372 1326 pellibusque

283 1359 430 1408 sunt
459 1356 686 1408 vestiti.
777 1349 1012 1408 Omnes
1043 1355 1188 1408 veru
1233 1356 1300 1407 se
1346 1349 1627 1408 Britanni
1670 1348 1828 1408 vitro
1873 1348 2170 1422 inficiunt,
2203 1350 2372 1426 quod

284 1449 635 1509 caeruleum
678 1449 863 1509 efficit
909 1449 1195 1522 colorem,
1245 1459 1429 1525 atque
1471 1451 1590 1511 hoc
1657 1451 2031 1512 horridiores
2101 1461 2246 1511 sunt
2314 1452 2373 1510 in

284 1558 494 1628 pugna
546 1549 880 1627 adspectu3
951 1549 1300 1627 capilloque
1359 1559 1505 1608 sunt
1562 1546 1911 1626 prumissu¹
1962 1558 2145 1625 atque
2202 1558 2372 1608 omni

285 1660 461 1728 parte
533 1649 809 1727 corporis
879 1658 1022 1709 rasa
1094 1659 1337 1727 praeter
1394 1659 1580 1727 caput
1640 1659 1701 1708 et
1760 1649 1996 1708 labrum
2069 1649 2367 1727 superius.

287 1752 533 1810 Uxores
590 1750 824 1809 habent
882 1751 1028 1809 deni
1085 1750 1481 1826 duodenique
1549 1750 1707 1809 inter
1764 1756 1830 1808 se
1889 1759 2248 1823 communis,
2309 1760 2372 1809 et

283 1850 547 1910 maxime
576 1851 796 1910 fratres
833 1850 1294 1909 cumfratribus
1338 1857 1750 1927 parentesque
1793 1869 1933 1908 cum
1978 1851 2213 1920 liberis3
2260 1850 2373 1910 sed

283 1959 391 2027 qui
439 1960 584 2010 sunt
634 1970 710 2010 ex
759 1951 857 2010 his
909 1959 1040 2010 nati
1083 1957 1296 2010 eorum
1341 1946 1685 2011 habentur²
1722 1950 1897 2010 liberi
1943 1957 2066 2027 quo
2107 1959 2372 2026 primum

283 2050 457 2128 virgo
503 2070 785 2128 quaeque
829 2051 1097 2112 deducta
1138 2060 1251 2110 est.

666 2235 830 2277 Battle
858 2235 982 2277 with
1009 2237 1094 2277 the
1120 2237 1336 2284 Britons,
1366 2235 1502 2275 Who
1529 2244 1611 2276 are
1639 2234 1817 2275 Driven
1845 2235 1996 2277 Back.

370 2363 465 2412 1⁵.
527 2353 782 2431 Equites
851 2354 1120 2413 hostiurn
1181 2354 1602 2429 essedariique
1660 2353 1883 2412 acriter
1941 2353 2174 2428 proelio
2231 2373 2370 2414 cum

285 2454 563 2532 equitatu
609 2462 821 2514 nostru
853 2455 916 2513 in
948 2454 1167 2514 itinere
1203 2451 1657 2525 conflixerunoe
1684 2452 1771 2512 ita
1813 2463 2020 2512 tamen
2066 2463 2133 2513 ut
2177 2464 2372 2514 nostri

284 2554 575 2614 omnibus
635 2555 915 2631 partibus
976 2555 1324 2632 superiores
1383 2553 1612 2612 fuerint
1673 2563 1858 2630 atque
1910 2561 2019 2613 eos
2070 2553 2135 2613 in
2185 2555 2371 2614 silvas

284 2655 584 2731 collisque
613 2653 1052 2731 compulerint3
1100 2655 1210 2714 sed
1243 2652 1660 2729 compluribus
1706 2653 2045 2714 interfectis
2089 2654 2373 2731 cupidius

285 2763 549 2838 insecuti
601 2762 726 2813 nun
768 2754 971 2814 nullos
1016 2772 1093 2813 ex
1132 2762 1261 2813 suis
1307 2760 1663 2814 amiserunt.
1752 2756 1838 2813 At
1885 2754 1972 2813 illi
2022 2755 2371 2815 intermisso

284 2852 533 2933 spati6,⁴
583 2854 1077 2932 imprudentibus
1148 2863 1371 2914 nostris
1440 2863 1627 2929 atque
1685 2863 2005 2930 occupatis
2064 2856 2124 2914 in
2184 2865 2373 2915 muni·

283 2956 455 3015 tione
508 2962 865 3027 castrorum,
914 2953 1162 3015 subit6⁵
1205 2961 1271 3013 se
1323 2973 1397 3013 ex
1450 2955 1619 3013 silvis
1659 2955 1986 3029 eiecerunt,
2019 2955 2372 3032 impetuque

283 3056 349 3114 in
401 3063 509 3114 eos
559 3055 726 3114 facto
777 3063 883 3130 qui
934 3064 1105 3113 erant
1164 3054 1224 3112 in
1279 3054 1544 3114 statione
1604 3062 1715 3132 pru
1773 3064 1992 3114 castris
2044 3058 2368 3129 conlocati,

282 3154 505 3215 acriter
546 3161 1003 3231 pugnaverunt3
1051 3154 1419 3230 duabusque
1455 3154 1660 3213 missis
1693 3155 1971 3213 subsidio
2016 3156 2372 3215 cohortibus

283 3264 322 3314 a
377 3255 662 3326 Caesare,
720 3264 902 3331 atque
955 3254 1053 3312 his
1106 3263 1318 3330 primis
1375 3254 1687 3331 legionum
1739 3252 2015 3324 duarum,
2071 3272 2210 3312 curn
2261 3274 2372 3315 eae

282 3349 660 3431 perexigu6⁶
683 3353 1033 3414 intermisso
1064 3354 1183 3413 loci
1214 3353 1419 3430 spatio
1450 3354 1608 3412 inter
1638 3360 1705 3412 se
1737 3353 2182 3426 constitissent,
2210 3363 2374 3415 novo

282 3451 554 3533 genere⁷
581 3464 826 3534 pugnae
871 3453 1210 3530 perterritis
1254 3462 1500 3525 nostris,
1533 3472 1642 3529 per
1685 3453 1925 3513 medios
1964 3453 2373 3514 audacissime

283 3562 694 3633 perruperunt
739 3561 931 3630 seque
975 3553 1121 3613 inde
1168 3548 1533 3612 incolumis⁸
1559 3559 1942 3631 receperunt.
2034 3555 2123 3613 Εό
2159 3552 2259 3612 die
2291 3554 2369 3628 Q.

353 3706 439 3754 Cf.
462 3703 483 3738 ¹
499 3705 678 3770 longu.
695 3733 762 3741 —
775 3702 797 3735 ²
813 3704 1220 3756 existimantur.
1241 3730 1302 3738 —
1317 3700 1340 3735 ⁸
1359 3702 1769 3755 contenditunt.
1785 3732 1853 3741 —
1864 3702 1886 3737 ¹
1903 3705 2161 3770 tempore.
2176 3700 2278 3740 -5
2295 3716 2377 3757 re-

284 3791 465 3855 pente.
482 3787 584 3825 -0
609 3788 851 3840 minimb.
868 3815 936 3824 —
951 3785 972 3819 ⁷
995 3788 1166 3840 modu.
1187 3785 1287 3822 -8
1309 3787 1479 3838 tutus.

2414 1566 2473 1602 10

2412 2066 2471 2120 15

2408 2772 2472 2808 20

2409 3269 2471 3324 25
