2819 4297
445 265 570 327 180
1166 263 1298 326 The
1350 264 1572 327 Gallie
1622 266 1790 329 War.
2298 277 2537 344 [Cassan

709 503 879 548 cicero
907 504 1169 556 nuwisely
1197 505 1356 547 sends
1384 505 1546 557 Larte
1573 505 1823 548 Numbers
1850 510 1937 548 out
1962 510 2015 548 to
2043 505 2250 560 Fonte.

517 612 614 664 36.
675 606 894 666 Cicere
928 607 1061 686 (qui
1091 614 1295 666 omnis
1332 605 1682 683 superieres
1720 606 1854 667 dies
1889 604 2273 685 praeceptis¹
2303 610 2529 671 Caesa-

436 705 520 765 ris
566 713 804 765 summa
849 705 1169 784 diligentia
1217 706 1444 766 milites
1491 707 1555 766 in
1602 715 1822 766 castris
1869 707 2297 780 continuisset,
2329 727 2406 768 ac
2448 717 2527 769 ne

437 805 716 865 calenem
764 805 1012 883 quidem
1059 825 1432 884 quemquam
1475 815 1647 867 extra
1690 806 2092 867 munitienem
2137 808 2348 884 egredi
2391 828 2528 886 pas-

439 901 585 965 sus²
611 905 804 985 esset)
838 922 929 965 vn
965 906 1084 980 die,
1118 904 1455 967 diffidens³
1488 907 1566 966 de
1609 914 1867 966 numere
1911 907 2148 966 dierum
2196 909 2527 969 Caesarem

377 1024 404 1079 5
438 1006 623 1065 fidem
654 1013 1052 1079 servaturum,
1087 1008 1255 1084 quod
1299 1006 1545 1085 longius
1577 1015 1970 1084 pregressum
2002 1007 2295 1068 audiebat
2324 1028 2527 1086 neque

438 1106 562 1165 ulla
618 1106 697 1165 de
753 1105 953 1166 reditu
1010 1106 1142 1166 eius
1188 1103 1394 1167 fama⁴
1440 1107 1865 1180 adferebatu13
1912 1106 2094 1166 simul
2139 1116 2352 1168 eerum
2398 1128 2528 1187 per·

439 1214 645 1267 metus
695 1205 986 1267 vecibus⁵
1034 1216 1141 1283 qui
1192 1206 1354 1266 illius
1405 1206 1766 1283 patientiam
1818 1226 2017 1284 paene
2062 1206 2531 1269 obsessienem⁶

439 1307 855 1384 appellabant,
887 1317 940 1366 si
971 1307 1221 1383 quidem
1251 1317 1326 1367 ex
1355 1316 1574 1366 castris
1605 1308 1815 1384 egredi
1846 1315 1969 1367 nen
2003 1307 2248 1390 liceret3
2296 1309 2528 1368 nullum

440 1408 572 1466 eius
604 1409 771 1468 modi
800 1415 1014 1467 casum
1044 1416 1415 1485 exspectans
1460 1415 1601 1485 que,
1641 1424 1783 1466 vnn
1830 1408 2136 1485 oppositis
2179 1408 2530 1486 legienibus

348 1534 406 1570 10
441 1507 831 1584 maximeque
862 1507 1154 1585 equitatu,
1188 1508 1488 1584 dispersis
1517 1527 1594 1567 ac
1623 1527 1821 1585 paene
1866 1509 2087 1568 deletis
2130 1508 2434 1583 hostibuS,
2467 1509 2528 1568 in

442 1604 692 1666 milibus
723 1625 1015 1684 passuum
1046 1607 1241 1666 tribus
1272 1607 1508 1667 offendi
1544 1618 1775 1685 posset,
1797 1643 1881 1652 —
1900 1625 1938 1665 v
1969 1610 2240 1668 cohortis
2268 1608 2532 1668 frumen·

440 1715 636 1765 tatum
677 1706 739 1764 in
783 1707 1093 1783 proximas
1125 1705 1405 1784 segetes⁷
1437 1707 1639 1781 mittit,
1675 1717 1828 1785 quas
1859 1707 2017 1768 inter
2046 1719 2109 1768 et
2138 1717 2341 1767 castra
2370 1719 2531 1769 finus

442 1813 694 1866 omnine
723 1806 897 1866 collis
928 1806 1237 1867 intererat.
1331 1809 1695 1885 Complures
1734 1817 1910 1867 erant
1939 1808 2001 1867 in
2033 1817 2254 1868 castris
2285 1828 2362 1868 ex
2390 1808 2535 1888 legi·

442 1906 666 1967 enibus
696 1915 863 1984 aegri
888 1906 1087 1967 'relicti
1114 1931 1128 1980 ;
1176 1926 1254 1966 ex
1283 1907 1510 1984 quibus
1542 1917 1649 1985 qui
1694 1905 1854 1968 ⁸h6c
1889 1909 2093 1985 spatie
2123 1908 2362 1968 dierum
2394 1928 2533 1969 con-

347 2034 405 2087 ¹5
441 2007 773 2079 valuerant,
827 2006 1069 2067 circiter
1115 2024 1249 2080 cce,
1301 2008 1418 2067 sub
1464 2008 1690 2068 vexille
1737 2016 1858 2068 sina
1904 2008 2259 2080 mittuntur;
2305 2017 2532 2087 magna

442 2115 757 2186 praeterea
795 2108 1124 2169 multitude
1161 2109 1465 2181 calenum,
1500 2116 1724 2186 magna
1752 2104 2334 2183 vis⁹ii1ment61um,
2371 2129 2531 2187 quae

441 2209 507 2268 in
536 2218 756 2269 castris
787 2210 1169 2282 subsederat,
1201 2210 1368 2268 facta
1397 2218 1703 2287 potestate
1735 2208 2028 2285 sequitur.

808 2360 911 2401 The
938 2360 1178 2401 Germans
1206 2358 1412 2400 Assault
1439 2358 1525 2399 the
1552 2356 1721 2409 Camp.
1776 2357 1927 2399 Panic
1957 2357 2167 2400 within.

523 2489 618 2538 37.
683 2481 826 2539 Ηὸο
863 2478 1001 2556 ipse
1033 2488 1308 2554 tempore
1331 2473 1371 2509 ¹⁰
1402 2476 1532 2557 [et]
1566 2484 1713 2535 casu
1743 2476 2039 2535 Germani
2074 2476 2317 2555 equites
2352 2479 2532 2540 inter-

440 2580 711 2653 veniunt,
744 2580 1150 2656 pretinusque
1196 2576 1419 2637 eedem
1465 2575 1571 2636 ille
1614 2583 1741 2652 que
1772 2582 2070 2636 venerant
2106 2587 2286 2637 cursu
2323 2579 2403 2638 ab
2434 2580 2533 2640 de·

345 2698 408 2734 20
443 2689 703 2740 cumana
733 2688 911 2756 porta
942 2678 1004 2737 in
1036 2688 1240 2738 castra
1272 2676 1619 2753 inrumpere
1650 2684 1955 2737 cenantur
1981 2701 1994 2748 ;
2042 2661 2158 2736 nec
2186 2677 2358 2754 prius
2387 2690 2531 2739 sunt

439 2789 571 2853 visi,
606 2780 868 2840 obiectis
908 2781 987 2840 ab
1032 2760 1106 2839 ea
1146 2788 1319 2856 parte
1367 2777 1555 2849 silviS,
1589 2795 1772 2853 quam
1816 2786 2038 2837 castris
2081 2778 2531 2857 adpropinqua-

438 2891 591 2953 rent,
628 2887 822 2956 fisque
853 2888 931 2940 ee
970 2890 1036 2939 ut
1072 2888 1178 2956 qui
1218 2880 1335 2938 sub
1367 2878 1530 2937 valle
1562 2877 1888 2936 tenderent
1905 2874 1945 2907 ¹¹
1985 2886 2356 2939 mercateres
2385 2880 2533 2940 reci-

438 2980 649 3058 piendi
686 2989 782 3040 sui
811 2980 1171 3040 facultatem
1212 2987 1337 3040 nen
1379 2979 1698 3037 haberent.
1791 2979 2200 3054 Inopinantes
2242 2989 2436 3039 nostri
2466 2988 2530 3040 re

439 3090 599 3141 nova
643 3081 1096 3159 perturbantur,
1131 3099 1204 3140 ac
1235 3079 1335 3139 vix
1370 3087 1635 3156 primum
1681 3077 1977 3154 impetum
2018 3079 2239 3139 cohors
2269 3079 2335 3139 in
2365 3081 2531 3141 stati·

343 3195 404 3250 ²5
440 3190 558 3242 ene
590 3182 869 3242 sustinet.
961 3180 1556 3242 Circumfunduntur
1585 3179 1799 3238 hostes
1830 3197 1908 3237 ex
1937 3178 2188 3257 reliquis
2226 3180 2526 3263 partibus,

441 3291 494 3341 si
538 3302 719 3359 quem
763 3279 1056 3343 aditum¹²
1102 3290 1368 3360 reperire
1412 3278 1673 3358 possint.
1762 3281 1966 3356 Aegre
1986 3275 2029 3310 ¹⁸
2073 3289 2284 3357 portas
2333 3291 2529 3342 nostri

439 3379 752 3458 tuentur,¹⁴
779 3374 1054 3462 reliques
1075 3383 1277 3444 aditus
1301 3382 1476 3442 locus
1500 3379 1634 3457 ipse
1664 3398 1776 3456 per
1806 3385 1873 3439 se
1904 3379 2288 3458 munitieque
2319 3381 2529 3441 defen·

439 3482 547 3542 dit.
651 3485 831 3544 Tetis
881 3484 1222 3560 trepidatur
1271 3490 1491 3543 castris
1544 3489 1731 3557 atque
1783 3479 1941 3541 alius
1985 3499 2062 3540 ex
2108 3480 2230 3541 alie
2274 3500 2525 3542 causam

520 3615 603 3665 Cf.
628 3612 650 3649 ¹
673 3616 971 3669 mandatis.
989 3645 1059 3653 —
1077 3614 1102 3648 2
1122 3615 1483 3680 permisisset.
1507 3642 1577 3650 —
1596 3611 1620 3646 ⁸
1644 3628 1766 3677 opp.
1801 3610 2103 3665 confidens.
2122 3641 2191 3651 —
2205 3613 2227 3646 ⁴
2246 3627 2444 3667 rumor.
2461 3644 2527 3653 —

433 3696 457 3731 ⁶
473 3700 670 3751 verbis.
695 3728 765 3736 —
783 3698 807 3732 ὅ
831 3699 1183 3752 obsidionem.
1208 3727 1277 3735 —
1297 3696 1317 3730 ⁷
1343 3699 1523 3762 agras.
1548 3725 1617 3734 —
1638 3694 1660 3729 ⁸
1685 3696 1773 3746 his
1797 3696 2007 3747 (liebus.
2031 3724 2100 3732 —
2120 3695 2144 3729 ⁹
2168 3711 2440 3750 numerus.
2462 3727 2528 3736 —

434 3778 477 3814 ¹⁰
494 3781 959 3835 discrImine.—¹¹
977 3783 1329 3835 censiderent.
1341 3780 1462 3818 —12
1482 3780 1786 3832 introitum.
1800 3776 1920 3816 —18
1936 3778 2051 3830 vix.
2064 3776 2185 3817 —¹⁴
2202 3779 2522 3837 defendunt.
