<?xml version="1.0" encoding="UTF-8"?>
<!DOCTYPE html PUBLIC "-//W3C//DTD XHTML 1.0 Transitional//EN"
    "http://www.w3.org/TR/xhtml1/DTD/xhtml1-transitional.dtd">
<html xmlns="http://www.w3.org/1999/xhtml" xml:lang="en" lang="en">
 <head>
  <title>
</title>
<meta http-equiv="Content-Type" content="text/html;charset=utf-8" />
  <meta name='ocr-system' content='tesseract 3.04.00' />
  <meta name='ocr-capabilities' content='ocr_page ocr_carea ocr_par ocr_line ocrx_word'/>
</head>
<body>
  <div class='ocr_page' id='page_1' title='image "./caesarsgallicwa02greegoog_0388.png"; bbox 0 0 2819 4297; ppageno 0'>
   <div class='ocr_carea' id='block_1_1' title="bbox 426 246 2513 326">
    <p class='ocr_par' dir='ltr' id='par_1_1' title="bbox 426 246 2513 326">
     <span class='ocr_line' id='line_1_1' title="bbox 426 246 2513 326; baseline -0.001 -16"><span class='ocrx_word' id='word_1_1' title='bbox 426 263 560 326; x_wconf 90' lang='lat'>240</span> <span class='ocrx_word' id='word_1_2' title='bbox 1155 246 1216 308; x_wconf 91' lang='lat' dir='ltr'><em>T</em></span> <span class='ocrx_word' id='word_1_3' title='bbox 1206 248 1287 309; x_wconf 79' lang='lat' dir='ltr'>he</span> <span class='ocrx_word' id='word_1_4' title='bbox 1339 246 1558 309; x_wconf 76' lang='lat' dir='ltr'>Gallie</span> <span class='ocrx_word' id='word_1_5' title='bbox 1609 247 1777 311; x_wconf 85' lang='lat' dir='ltr'>War.</span> <span class='ocrx_word' id='word_1_6' title='bbox 2278 258 2513 325; x_wconf 58' lang='lat' dir='ltr'>[Casan</span> 
     </span>
    </p>
   </div>
   <div class='ocr_carea' id='block_1_2' title="bbox 425 438 2511 817">
    <p class='ocr_par' dir='ltr' id='par_1_2' title="bbox 425 438 2511 817">
     <span class='ocr_line' id='line_1_2' title="bbox 425 438 2511 517; baseline -0 -19"><span class='ocrx_word' id='word_1_7' title='bbox 425 457 565 498; x_wconf 91' lang='lat' dir='ltr'>cum</span> <span class='ocrx_word' id='word_1_8' title='bbox 616 439 824 499; x_wconf 90' lang='lat' dir='ltr'>liberis</span> <span class='ocrx_word' id='word_1_9' title='bbox 883 450 1067 516; x_wconf 88' lang='lat' dir='ltr'>atque</span> <span class='ocrx_word' id='word_1_10' title='bbox 1112 438 1406 499; x_wconf 89' lang='lat' dir='ltr'>uxoribus</span> <span class='ocrx_word' id='word_1_11' title='bbox 1465 447 1631 498; x_wconf 91' lang='lat' dir='ltr'>exire</span> <span class='ocrx_word' id='word_1_12' title='bbox 1676 446 1995 517; x_wconf 91' lang='lat' dir='ltr'>coguntur.</span> <span class='ocrx_word' id='word_1_13' title='bbox 2088 441 2178 498; x_wconf 91' lang='lat' dir='ltr'>Hi</span> <span class='ocrx_word' id='word_1_14' title='bbox 2233 457 2372 499; x_wconf 89' lang='lat' dir='ltr'>cum</span> <span class='ocrx_word' id='word_1_15' title='bbox 2430 439 2511 498; x_wconf 88' lang='lat' dir='ltr'>ad</span> 
     </span>
     <span class='ocr_line' id='line_1_3' title="bbox 427 539 2509 617; baseline 0.001 -21"><span class='ocrx_word' id='word_1_16' title='bbox 427 540 798 599; x_wconf 76' lang='lat' dir='ltr'>munitiones</span> <span class='ocrx_word' id='word_1_17' title='bbox 846 542 1264 600; x_wconf 89' lang='lat' dir='ltr'>Romanorum</span> <span class='ocrx_word' id='word_1_18' title='bbox 1309 539 1738 612; x_wconf 85' lang='lat' dir='ltr'>accessissent,</span> <span class='ocrx_word' id='word_1_19' title='bbox 1786 539 2008 599; x_wconf 90' lang='lat' dir='ltr'>flentes</span> <span class='ocrx_word' id='word_1_20' title='bbox 2050 539 2338 599; x_wconf 90' lang='lat' dir='ltr'>omnibus</span> <span class='ocrx_word' id='word_1_21' title='bbox 2379 558 2509 617; x_wconf 91' lang='lat' dir='ltr'>pre·</span> 
     </span>
     <span class='ocr_line' id='line_1_4' title="bbox 427 638 2505 716; baseline -0 -18"><span class='ocrx_word' id='word_1_22' title='bbox 427 639 604 698; x_wconf 90' lang='lat' dir='ltr'>cibus</span> <span class='ocrx_word' id='word_1_23' title='bbox 647 640 909 698; x_wconf 91' lang='lat' dir='ltr'>orabant</span> <span class='ocrx_word' id='word_1_24' title='bbox 952 649 1016 698; x_wconf 93' lang='lat' dir='ltr'>ut</span> <span class='ocrx_word' id='word_1_25' title='bbox 1062 646 1127 698; x_wconf 92' lang='lat' dir='ltr'>se</span> <span class='ocrx_word' id='word_1_26' title='bbox 1175 640 1236 697; x_wconf 92' lang='lat' dir='ltr'>in</span> <span class='ocrx_word' id='word_1_27' title='bbox 1282 639 1637 698; x_wconf 74' lang='lat' dir='ltr'>servitotem</span> <span class='ocrx_word' id='word_1_28' title='bbox 1680 646 1966 716; x_wconf 90' lang='lat' dir='ltr'>receptos</span> <span class='ocrx_word' id='word_1_29' title='bbox 2024 639 2166 699; x_wconf 92' lang='lat' dir='ltr'>cibo</span> <span class='ocrx_word' id='word_1_30' title='bbox 2211 638 2505 698; x_wconf 92' lang='lat' dir='ltr'>iuvarent.</span> 
     </span>
     <span class='ocr_line' id='line_1_5' title="bbox 427 738 2506 817; baseline -0 -19"><span class='ocrx_word' id='word_1_31' title='bbox 427 741 510 798; x_wconf 93' lang='lat' dir='ltr'>At</span> <span class='ocrx_word' id='word_1_32' title='bbox 555 741 788 799; x_wconf 88' lang='lat' dir='ltr'>Caesar</span> <span class='ocrx_word' id='word_1_33' title='bbox 831 738 1150 816; x_wconf 88' lang='lat' dir='ltr'>dispositis</span> <span class='ocrx_word' id='word_1_34' title='bbox 1196 740 1257 796; x_wconf 91' lang='lat' dir='ltr'>in</span> <span class='ocrx_word' id='word_1_35' title='bbox 1303 738 1464 798; x_wconf 90' lang='lat' dir='ltr'>vallo</span> <span class='ocrx_word' id='word_1_36' title='bbox 1516 740 1815 798; x_wconf 92' lang='lat' dir='ltr'>custodiis</span> <span class='ocrx_word' id='word_1_37' title='bbox 1875 739 2065 817; x_wconf 82' lang='lat' dir='ltr'>recipi</span> <span class='ocrx_word' id='word_1_38' title='bbox 2123 739 2506 817; x_wconf 88' lang='lat' dir='ltr'>prohibebat.</span> 
     </span>
    </p>
   </div>
   <div class='ocr_carea' id='block_1_3' title="bbox 528 920 2409 973">
    <p class='ocr_par' dir='ltr' id='par_1_3' title="bbox 528 920 2409 973">
     <span class='ocr_line' id='line_1_6' title="bbox 528 920 2409 973; baseline 0.001 -12"><span class='ocrx_word' id='word_1_39' title='bbox 528 921 719 962; x_wconf 76' lang='lat' dir='ltr'>Arrival</span> <span class='ocrx_word' id='word_1_40' title='bbox 748 921 799 962; x_wconf 75' lang='lat' dir='ltr'>of</span> <span class='ocrx_word' id='word_1_41' title='bbox 827 921 1081 962; x_wconf 76' lang='lat' dir='ltr'>Commius</span> <span class='ocrx_word' id='word_1_42' title='bbox 1108 921 1234 962; x_wconf 81' lang='lat' dir='ltr'>with</span> <span class='ocrx_word' id='word_1_43' title='bbox 1264 921 1348 962; x_wconf 82' lang='lat' dir='ltr'>the</span> <span class='ocrx_word' id='word_1_44' title='bbox 1364 921 1519 970; x_wconf 75' lang='lat' dir='ltr'>Army</span> <span class='ocrx_word' id='word_1_45' title='bbox 1539 920 1591 962; x_wconf 76' lang='lat' dir='ltr'>of</span> <span class='ocrx_word' id='word_1_46' title='bbox 1619 921 1793 961; x_wconf 75' lang='lat' dir='ltr'>Relief.</span> <span class='ocrx_word' id='word_1_47' title='bbox 1845 921 1937 973; x_wconf 85' lang='lat' dir='ltr'>Joy</span> <span class='ocrx_word' id='word_1_48' title='bbox 1965 921 2015 962; x_wconf 76' lang='lat' dir='ltr'>of</span> <span class='ocrx_word' id='word_1_49' title='bbox 2043 921 2127 963; x_wconf 85' lang='lat' dir='ltr'>the</span> <span class='ocrx_word' id='word_1_50' title='bbox 2154 921 2409 973; x_wconf 77' lang='lat' dir='ltr'>Besieged.</span> 
     </span>
    </p>
   </div>
   <div class='ocr_carea' id='block_1_4' title="bbox 334 1036 2514 2319">
    <p class='ocr_par' dir='ltr' id='par_1_4' title="bbox 364 1036 2514 1517">
     <span class='ocr_line' id='line_1_7' title="bbox 364 1036 2513 1119; baseline 0.001 -24"><span class='ocrx_word' id='word_1_51' title='bbox 364 1064 391 1119; x_wconf 81' lang='lat'>5</span> <span class='ocrx_word' id='word_1_52' title='bbox 513 1047 608 1097; x_wconf 83' lang='lat'>79.</span> <span class='ocrx_word' id='word_1_53' title='bbox 675 1042 918 1098; x_wconf 90' lang='lat' dir='ltr'>Interea</span> <span class='ocrx_word' id='word_1_54' title='bbox 965 1040 1279 1100; x_wconf 91' lang='lat' dir='ltr'>Commius</span> <span class='ocrx_word' id='word_1_55' title='bbox 1325 1039 1665 1115; x_wconf 84' lang='lat' dir='ltr'>reliquique</span> <span class='ocrx_word' id='word_1_56' title='bbox 1711 1036 1947 1111; x_wconf 81' lang='lat' dir='ltr'>duceS‚1</span> <span class='ocrx_word' id='word_1_57' title='bbox 2005 1041 2230 1116; x_wconf 92' lang='lat' dir='ltr'>quibus</span> <span class='ocrx_word' id='word_1_58' title='bbox 2274 1059 2513 1099; x_wconf 89' lang='lat' dir='ltr'>summa</span> 
     </span>
     <span class='ocr_line' id='line_1_8' title="bbox 428 1138 2510 1217; baseline -0 -19"><span class='ocrx_word' id='word_1_59' title='bbox 428 1140 645 1217; x_wconf 89' lang='lat' dir='ltr'>imperi</span> <span class='ocrx_word' id='word_1_60' title='bbox 676 1138 1014 1217; x_wconf 77' lang='lat' dir='ltr'>permissa²</span> <span class='ocrx_word' id='word_1_61' title='bbox 1042 1149 1187 1211; x_wconf 90' lang='lat' dir='ltr'>erat,</span> <span class='ocrx_word' id='word_1_62' title='bbox 1223 1159 1361 1199; x_wconf 94' lang='lat' dir='ltr'>cum</span> <span class='ocrx_word' id='word_1_63' title='bbox 1406 1139 1696 1198; x_wconf 87' lang='lat' dir='ltr'>omnibus</span> <span class='ocrx_word' id='word_1_64' title='bbox 1740 1140 1939 1216; x_wconf 88' lang='lat' dir='ltr'>copiis</span> <span class='ocrx_word' id='word_1_65' title='bbox 1970 1140 2050 1198; x_wconf 92' lang='lat' dir='ltr'>ad</span> <span class='ocrx_word' id='word_1_66' title='bbox 2081 1139 2353 1199; x_wconf 88' lang='lat' dir='ltr'>Alesiam</span> <span class='ocrx_word' id='word_1_67' title='bbox 2382 1159 2510 1216; x_wconf 91' lang='lat' dir='ltr'>per-</span> 
     </span>
     <span class='ocr_line' id='line_1_9' title="bbox 429 1237 2512 1317; baseline -0.001 -18"><span class='ocrx_word' id='word_1_68' title='bbox 429 1240 697 1312; x_wconf 90' lang='lat' dir='ltr'>veniunt,</span> <span class='ocrx_word' id='word_1_69' title='bbox 732 1250 792 1299; x_wconf 91' lang='lat' dir='ltr'>et</span> <span class='ocrx_word' id='word_1_70' title='bbox 823 1240 979 1299; x_wconf 92' lang='lat' dir='ltr'>colle</span> <span class='ocrx_word' id='word_1_71' title='bbox 1024 1240 1320 1299; x_wconf 87' lang='lat' dir='ltr'>exteriore</span> <span class='ocrx_word' id='word_1_72' title='bbox 1352 1247 1657 1315; x_wconf 90' lang='lat' dir='ltr'>occupato</span> <span class='ocrx_word' id='word_1_73' title='bbox 1701 1246 1826 1298; x_wconf 93' lang='lat' dir='ltr'>non</span> <span class='ocrx_word' id='word_1_74' title='bbox 1859 1240 2101 1317; x_wconf 89' lang='lat' dir='ltr'>longius</span> <span class='ocrx_word' id='word_1_75' title='bbox 2132 1240 2294 1299; x_wconf 90' lang='lat' dir='ltr'>mille</span> <span class='ocrx_word' id='word_1_76' title='bbox 2321 1237 2512 1317; x_wconf 85' lang='lat' dir='ltr'>passi-</span> 
     </span>
     <span class='ocr_line' id='line_1_10' title="bbox 430 1339 2514 1416; baseline -0 -17"><span class='ocrx_word' id='word_1_77' title='bbox 430 1342 546 1399; x_wconf 92' lang='lat' dir='ltr'>bus</span> <span class='ocrx_word' id='word_1_78' title='bbox 575 1349 613 1399; x_wconf 90' lang='lat' dir='ltr'>a</span> <span class='ocrx_word' id='word_1_79' title='bbox 643 1349 867 1399; x_wconf 89' lang='lat' dir='ltr'>nostris</span> <span class='ocrx_word' id='word_1_80' title='bbox 898 1340 1345 1399; x_wconf 75' lang='lat' dir='ltr'>munitionibus</span> <span class='ocrx_word' id='word_1_81' title='bbox 1376 1340 1726 1398; x_wconf 90' lang='lat' dir='ltr'>considunt.</span> <span class='ocrx_word' id='word_1_82' title='bbox 1819 1342 2074 1400; x_wconf 92' lang='lat' dir='ltr'>Postero</span> <span class='ocrx_word' id='word_1_83' title='bbox 2106 1340 2205 1399; x_wconf 89' lang='lat' dir='ltr'>die</span> <span class='ocrx_word' id='word_1_84' title='bbox 2234 1339 2514 1416; x_wconf 72' lang='lat' dir='ltr'>equitatu</span> 
     </span>
     <span class='ocr_line' id='line_1_11' title="bbox 429 1439 2513 1517; baseline 0 -18"><span class='ocrx_word' id='word_1_85' title='bbox 429 1459 505 1499; x_wconf 89' lang='lat' dir='ltr'>ex</span> <span class='ocrx_word' id='word_1_86' title='bbox 535 1448 754 1499; x_wconf 88' lang='lat' dir='ltr'>castris</span> <span class='ocrx_word' id='word_1_87' title='bbox 786 1440 1009 1498; x_wconf 90' lang='lat' dir='ltr'>educto</span> <span class='ocrx_word' id='word_1_88' title='bbox 1041 1458 1286 1498; x_wconf 92' lang='lat' dir='ltr'>omnem</span> <span class='ocrx_word' id='word_1_89' title='bbox 1331 1458 1465 1498; x_wconf 91' lang='lat' dir='ltr'>eam</span> <span class='ocrx_word' id='word_1_90' title='bbox 1505 1439 1842 1516; x_wconf 90' lang='lat' dir='ltr'>planitiem,</span> <span class='ocrx_word' id='word_1_91' title='bbox 1878 1459 2063 1517; x_wconf 92' lang='lat' dir='ltr'>quam</span> <span class='ocrx_word' id='word_1_92' title='bbox 2100 1440 2162 1499; x_wconf 90' lang='lat' dir='ltr'>in</span> <span class='ocrx_word' id='word_1_93' title='bbox 2192 1440 2513 1517; x_wconf 76' lang='lat' dir='ltr'>longitudi-</span> 
     </span>
    </p>

    <p class='ocr_par' dir='ltr' id='par_1_5' title="bbox 335 1538 2513 2015">
     <span class='ocr_line' id='line_1_12' title="bbox 335 1538 2510 1617; baseline -0 -17"><span class='ocrx_word' id='word_1_94' title='bbox 335 1565 394 1601; x_wconf 90' lang='lat'>10</span> <span class='ocrx_word' id='word_1_95' title='bbox 430 1559 569 1599; x_wconf 92' lang='lat' dir='ltr'>nem</span> <span class='ocrx_word' id='word_1_96' title='bbox 614 1538 782 1597; x_wconf 87' lang='lat' dir='ltr'>milia</span> <span class='ocrx_word' id='word_1_97' title='bbox 826 1558 1119 1615; x_wconf 86' lang='lat' dir='ltr'>passuum</span> <span class='ocrx_word' id='word_1_98' title='bbox 1166 1556 1238 1598; x_wconf 93' lang='lat'>111</span> <span class='ocrx_word' id='word_1_99' title='bbox 1285 1546 1494 1615; x_wconf 88' lang='lat' dir='ltr'>patere</span> <span class='ocrx_word' id='word_1_100' title='bbox 1547 1540 2118 1613; x_wconf 81' lang='lat' dir='ltr'>demonstravimuS‚</span> <span class='ocrx_word' id='word_1_101' title='bbox 2165 1540 2510 1617; x_wconf 91' lang='lat' dir='ltr'>complent;</span> 
     </span>
     <span class='ocr_line' id='line_1_13' title="bbox 430 1639 2513 1715; baseline 0 -16"><span class='ocrx_word' id='word_1_102' title='bbox 430 1639 856 1715; x_wconf 84' lang='lat' dir='ltr'>pedestrisque</span> <span class='ocrx_word' id='word_1_103' title='bbox 902 1639 1113 1715; x_wconf 89' lang='lat' dir='ltr'>copias</span> <span class='ocrx_word' id='word_1_104' title='bbox 1160 1639 1408 1715; x_wconf 90' lang='lat' dir='ltr'>paulum</span> <span class='ocrx_word' id='word_1_105' title='bbox 1459 1640 1538 1698; x_wconf 94' lang='lat' dir='ltr'>ab</span> <span class='ocrx_word' id='word_1_106' title='bbox 1585 1647 1660 1699; x_wconf 92' lang='lat' dir='ltr'>eo</span> <span class='ocrx_word' id='word_1_107' title='bbox 1720 1640 1857 1700; x_wconf 95' lang='lat' dir='ltr'>loco</span> <span class='ocrx_word' id='word_1_108' title='bbox 1902 1640 2203 1700; x_wconf 91' lang='lat' dir='ltr'>abductas</span> <span class='ocrx_word' id='word_1_109' title='bbox 2247 1639 2305 1697; x_wconf 90' lang='lat' dir='ltr'>in</span> <span class='ocrx_word' id='word_1_110' title='bbox 2360 1641 2513 1699; x_wconf 89' lang='lat' dir='ltr'>locis</span> 
     </span>
     <span class='ocr_line' id='line_1_14' title="bbox 431 1738 2512 1817; baseline 0 -19"><span class='ocrx_word' id='word_1_111' title='bbox 431 1738 850 1815; x_wconf 91' lang='lat' dir='ltr'>superioribus</span> <span class='ocrx_word' id='word_1_112' title='bbox 881 1739 1281 1799; x_wconf 90' lang='lat' dir='ltr'>constituunt.</span> <span class='ocrx_word' id='word_1_113' title='bbox 1373 1742 1520 1798; x_wconf 90' lang='lat' dir='ltr'>Erat</span> <span class='ocrx_word' id='word_1_114' title='bbox 1563 1759 1640 1798; x_wconf 89' lang='lat' dir='ltr'>ex</span> <span class='ocrx_word' id='word_1_115' title='bbox 1682 1741 1914 1817; x_wconf 90' lang='lat' dir='ltr'>oppido</span> <span class='ocrx_word' id='word_1_116' title='bbox 1944 1740 2154 1800; x_wconf 89' lang='lat' dir='ltr'>Alesia</span> <span class='ocrx_word' id='word_1_117' title='bbox 2183 1741 2512 1817; x_wconf 91' lang='lat' dir='ltr'>despectus</span> 
     </span>
     <span class='ocr_line' id='line_1_15' title="bbox 429 1838 2513 1918; baseline 0.002 -22"><span class='ocrx_word' id='word_1_118' title='bbox 429 1838 493 1897; x_wconf 89' lang='lat' dir='ltr'>in</span> <span class='ocrx_word' id='word_1_119' title='bbox 536 1857 838 1915; x_wconf 91' lang='lat' dir='ltr'>campum.</span> <span class='ocrx_word' id='word_1_120' title='bbox 928 1841 1318 1899; x_wconf 89' lang='lat' dir='ltr'>Concurrunt</span> <span class='ocrx_word' id='word_1_121' title='bbox 1363 1839 1461 1898; x_wconf 88' lang='lat' dir='ltr'>his</span> <span class='ocrx_word' id='word_1_122' title='bbox 1521 1840 1764 1898; x_wconf 83' lang='lat' dir='ltr'>auxiliis</span> <span class='ocrx_word' id='word_1_123' title='bbox 1809 1839 2014 1912; x_wconf 82' lang='lat' dir='ltr'>visis³;</span> <span class='ocrx_word' id='word_1_124' title='bbox 2059 1841 2128 1899; x_wconf 91' lang='lat' dir='ltr'>fit</span> <span class='ocrx_word' id='word_1_125' title='bbox 2183 1841 2513 1918; x_wconf 88' lang='lat' dir='ltr'>gratulatio</span> 
     </span>
     <span class='ocr_line' id='line_1_16' title="bbox 430 1938 2512 2015; baseline 0.001 -19"><span class='ocrx_word' id='word_1_126' title='bbox 430 1938 587 1998; x_wconf 92' lang='lat' dir='ltr'>inter</span> <span class='ocrx_word' id='word_1_127' title='bbox 616 1946 725 1998; x_wconf 91' lang='lat' dir='ltr'>eos</span> <span class='ocrx_word' id='word_1_128' title='bbox 756 1949 941 2015; x_wconf 91' lang='lat' dir='ltr'>atque</span> <span class='ocrx_word' id='word_1_129' title='bbox 972 1940 1245 1997; x_wconf 91' lang='lat' dir='ltr'>omnium</span> <span class='ocrx_word' id='word_1_130' title='bbox 1290 1940 1479 1998; x_wconf 88' lang='lat' dir='ltr'>animi</span> <span class='ocrx_word' id='word_1_131' title='bbox 1511 1940 1590 1998; x_wconf 88' lang='lat' dir='ltr'>ad</span> <span class='ocrx_word' id='word_1_132' title='bbox 1622 1940 1915 1999; x_wconf 88' lang='lat' dir='ltr'>laetitiam</span> <span class='ocrx_word' id='word_1_133' title='bbox 1946 1942 2302 2000; x_wconf 85' lang='lat' dir='ltr'>excitantur.</span> <span class='ocrx_word' id='word_1_134' title='bbox 2394 1943 2512 1999; x_wconf 92' lang='lat' dir='ltr'>Ita-</span> 
     </span>
    </p>

    <p class='ocr_par' dir='ltr' id='par_1_6' title="bbox 334 2039 2510 2319">
     <span class='ocr_line' id='line_1_17' title="bbox 334 2039 2510 2117; baseline -0 -18"><span class='ocrx_word' id='word_1_135' title='bbox 334 2064 351 2099; x_wconf 87' lang='lat'>1</span> <span class='ocrx_word' id='word_1_136' title='bbox 366 2062 392 2117; x_wconf 83' lang='lat'><em>5</em></span> <span class='ocrx_word' id='word_1_137' title='bbox 429 2058 549 2116; x_wconf 90' lang='lat' dir='ltr'>que</span> <span class='ocrx_word' id='word_1_138' title='bbox 580 2039 895 2116; x_wconf 89' lang='lat' dir='ltr'>productis</span> <span class='ocrx_word' id='word_1_139' title='bbox 927 2040 1123 2115; x_wconf 91' lang='lat' dir='ltr'>copiis</span> <span class='ocrx_word' id='word_1_140' title='bbox 1155 2049 1298 2098; x_wconf 90' lang='lat' dir='ltr'>ante</span> <span class='ocrx_word' id='word_1_141' title='bbox 1343 2039 1640 2116; x_wconf 89' lang='lat' dir='ltr'>oppidum</span> <span class='ocrx_word' id='word_1_142' title='bbox 1685 2041 2049 2112; x_wconf 88' lang='lat' dir='ltr'>consistunt,</span> <span class='ocrx_word' id='word_1_143' title='bbox 2084 2050 2144 2099; x_wconf 92' lang='lat' dir='ltr'>et</span> <span class='ocrx_word' id='word_1_144' title='bbox 2174 2041 2510 2117; x_wconf 86' lang='lat' dir='ltr'>proximam</span> 
     </span>
     <span class='ocr_line' id='line_1_18' title="bbox 427 2137 2510 2218; baseline 0.001 -20"><span class='ocrx_word' id='word_1_145' title='bbox 427 2141 660 2201; x_wconf 83' lang='lat' dir='ltr'>fossam</span> <span class='ocrx_word' id='word_1_146' title='bbox 707 2139 980 2200; x_wconf 74' lang='lat' dir='ltr'>cratibus</span> <span class='ocrx_word' id='word_1_147' title='bbox 1028 2141 1309 2218; x_wconf 89' lang='lat' dir='ltr'>integunt</span> <span class='ocrx_word' id='word_1_148' title='bbox 1353 2152 1537 2218; x_wconf 88' lang='lat' dir='ltr'>atque</span> <span class='ocrx_word' id='word_1_149' title='bbox 1584 2137 1848 2218; x_wconf 78' lang='lat' dir='ltr'>aggere⁴</span> <span class='ocrx_word' id='word_1_150' title='bbox 1889 2140 2155 2218; x_wconf 90' lang='lat' dir='ltr'>explent,</span> <span class='ocrx_word' id='word_1_151' title='bbox 2203 2148 2391 2218; x_wconf 91' lang='lat' dir='ltr'>seque</span> <span class='ocrx_word' id='word_1_152' title='bbox 2433 2142 2510 2201; x_wconf 90' lang='lat' dir='ltr'>ad</span> 
     </span>
     <span class='ocr_line' id='line_1_19' title="bbox 428 2240 1874 2319; baseline 0 -19"><span class='ocrx_word' id='word_1_153' title='bbox 428 2240 810 2319; x_wconf 75' lang='lat' dir='ltr'>eruptionem</span> <span class='ocrx_word' id='word_1_154' title='bbox 844 2251 1027 2317; x_wconf 91' lang='lat' dir='ltr'>atque</span> <span class='ocrx_word' id='word_1_155' title='bbox 1057 2249 1258 2299; x_wconf 90' lang='lat' dir='ltr'>omnis</span> <span class='ocrx_word' id='word_1_156' title='bbox 1291 2249 1471 2300; x_wconf 76' lang='lat' dir='ltr'>cassis</span> <span class='ocrx_word' id='word_1_157' title='bbox 1501 2251 1874 2317; x_wconf 90' lang='lat' dir='ltr'>comparant.</span> 
     </span>
    </p>
   </div>
   <div class='ocr_carea' id='block_1_5' title="bbox 327 2423 2513 3588">
    <p class='ocr_par' dir='ltr' id='par_1_7' title="bbox 526 2423 2411 2532">
     <span class='ocr_line' id='line_1_20' title="bbox 526 2423 2411 2477; baseline 0 -12"><span class='ocrx_word' id='word_1_158' title='bbox 526 2424 568 2465; x_wconf 76' lang='lat' dir='ltr'>A</span> <span class='ocrx_word' id='word_1_159' title='bbox 603 2424 771 2465; x_wconf 71' lang='lat' dir='ltr'>Fiet-ce</span> <span class='ocrx_word' id='word_1_160' title='bbox 808 2424 1148 2477; x_wconf 79' lang='lat' dir='ltr'>Engagement</span> <span class='ocrx_word' id='word_1_161' title='bbox 1184 2425 1342 2465; x_wconf 79' lang='lat' dir='ltr'>Takes</span> <span class='ocrx_word' id='word_1_162' title='bbox 1380 2424 1525 2466; x_wconf 79' lang='lat' dir='ltr'>Place</span> <span class='ocrx_word' id='word_1_163' title='bbox 1561 2425 1610 2465; x_wconf 87' lang='lat' dir='ltr'>in</span> <span class='ocrx_word' id='word_1_164' title='bbox 1647 2424 1732 2465; x_wconf 84' lang='lat' dir='ltr'>the</span> <span class='ocrx_word' id='word_1_165' title='bbox 1769 2423 1957 2473; x_wconf 78' lang='lat' dir='ltr'>Vaney.</span> <span class='ocrx_word' id='word_1_166' title='bbox 2013 2424 2115 2465; x_wconf 84' lang='lat' dir='ltr'>The</span> <span class='ocrx_word' id='word_1_167' title='bbox 2150 2423 2301 2465; x_wconf 77' lang='lat' dir='ltr'>Gauls</span> <span class='ocrx_word' id='word_1_168' title='bbox 2328 2435 2411 2465; x_wconf 76' lang='lat' dir='ltr'>are</span> 
     </span>
     <span class='ocr_line' id='line_1_21' title="bbox 1347 2490 1600 2532; baseline 0 -1"><span class='ocrx_word' id='word_1_169' title='bbox 1347 2490 1600 2532; x_wconf 72' lang='lat' dir='ltr'>Deieated.</span> 
     </span>
    </p>

    <p class='ocr_par' dir='ltr' id='par_1_8' title="bbox 327 2609 2513 3588">
     <span class='ocr_line' id='line_1_22' title="bbox 508 2609 2510 2687; baseline 0.001 -20"><span class='ocrx_word' id='word_1_170' title='bbox 508 2617 603 2668; x_wconf 83' lang='lat'>80.</span> <span class='ocrx_word' id='word_1_171' title='bbox 665 2612 897 2671; x_wconf 92' lang='lat' dir='ltr'>Caesar</span> <span class='ocrx_word' id='word_1_172' title='bbox 940 2618 1108 2669; x_wconf 91' lang='lat' dir='ltr'>omni</span> <span class='ocrx_word' id='word_1_173' title='bbox 1152 2611 1421 2669; x_wconf 74' lang='lat' dir='ltr'>exercito</span> <span class='ocrx_word' id='word_1_174' title='bbox 1465 2609 1543 2668; x_wconf 93' lang='lat' dir='ltr'>ad</span> <span class='ocrx_word' id='word_1_175' title='bbox 1589 2620 1909 2686; x_wconf 89' lang='lat' dir='ltr'>utramque</span> <span class='ocrx_word' id='word_1_176' title='bbox 1954 2620 2188 2687; x_wconf 91' lang='lat' dir='ltr'>partem</span> <span class='ocrx_word' id='word_1_177' title='bbox 2233 2609 2510 2670; x_wconf 74' lang='lat' dir='ltr'>munitio-</span> 
     </span>
     <span class='ocr_line' id='line_1_23' title="bbox 428 2709 2513 2787; baseline 0 -20"><span class='ocrx_word' id='word_1_178' title='bbox 428 2729 573 2768; x_wconf 91' lang='lat' dir='ltr'>num</span> <span class='ocrx_word' id='word_1_179' title='bbox 599 2710 915 2786; x_wconf 90' lang='lat' dir='ltr'>disposito‚</span> <span class='ocrx_word' id='word_1_180' title='bbox 945 2721 1027 2783; x_wconf 90' lang='lat' dir='ltr'>ut,</span> <span class='ocrx_word' id='word_1_181' title='bbox 1055 2719 1108 2768; x_wconf 91' lang='lat' dir='ltr'>si</span> <span class='ocrx_word' id='word_1_182' title='bbox 1129 2720 1273 2769; x_wconf 75' lang='lat' dir='ltr'>usus</span> <span class='ocrx_word' id='word_1_183' title='bbox 1294 2710 1521 2782; x_wconf 90' lang='lat' dir='ltr'>veniat,</span> <span class='ocrx_word' id='word_1_184' title='bbox 1549 2729 1726 2768; x_wconf 91' lang='lat' dir='ltr'>suum</span> <span class='ocrx_word' id='word_1_185' title='bbox 1752 2710 2012 2787; x_wconf 89' lang='lat' dir='ltr'>quisque</span> <span class='ocrx_word' id='word_1_186' title='bbox 2037 2711 2237 2770; x_wconf 91' lang='lat' dir='ltr'>locum</span> <span class='ocrx_word' id='word_1_187' title='bbox 2269 2709 2513 2770; x_wconf 76' lang='lat' dir='ltr'>teneat⁶</span> 
     </span>
     <span class='ocr_line' id='line_1_24' title="bbox 330 2807 2511 2887; baseline 0.002 -22"><span class='ocrx_word' id='word_1_188' title='bbox 330 2831 390 2866; x_wconf 88' lang='lat'>20</span> <span class='ocrx_word' id='word_1_189' title='bbox 427 2819 489 2869; x_wconf 91' lang='lat' dir='ltr'>et</span> <span class='ocrx_word' id='word_1_190' title='bbox 520 2810 771 2883; x_wconf 91' lang='lat' dir='ltr'>noverit,</span> <span class='ocrx_word' id='word_1_191' title='bbox 806 2810 1143 2887; x_wconf 74' lang='lat' dir='ltr'>equitatum</span> <span class='ocrx_word' id='word_1_192' title='bbox 1181 2829 1256 2868; x_wconf 88' lang='lat' dir='ltr'>ex</span> <span class='ocrx_word' id='word_1_193' title='bbox 1298 2820 1519 2870; x_wconf 90' lang='lat' dir='ltr'>castris</span> <span class='ocrx_word' id='word_1_194' title='bbox 1559 2809 1741 2869; x_wconf 75' lang='lat' dir='ltr'>educi</span> <span class='ocrx_word' id='word_1_195' title='bbox 1784 2819 1847 2870; x_wconf 89' lang='lat' dir='ltr'>et</span> <span class='ocrx_word' id='word_1_196' title='bbox 1885 2810 2181 2887; x_wconf 92' lang='lat' dir='ltr'>proelium</span> <span class='ocrx_word' id='word_1_197' title='bbox 2214 2807 2511 2869; x_wconf 89' lang='lat' dir='ltr'>committi</span> 
     </span>
     <span class='ocr_line' id='line_1_25' title="bbox 428 2909 2509 2987; baseline 0.001 -20"><span class='ocrx_word' id='word_1_198' title='bbox 428 2910 611 2970; x_wconf 92' lang='lat' dir='ltr'>iubet.</span> <span class='ocrx_word' id='word_1_199' title='bbox 703 2913 850 2970; x_wconf 89' lang='lat' dir='ltr'>Erat</span> <span class='ocrx_word' id='word_1_200' title='bbox 900 2931 975 2970; x_wconf 93' lang='lat' dir='ltr'>ex</span> <span class='ocrx_word' id='word_1_201' title='bbox 1020 2911 1306 2969; x_wconf 92' lang='lat' dir='ltr'>omnibus</span> <span class='ocrx_word' id='word_1_202' title='bbox 1357 2919 1594 2982; x_wconf 89' lang='lat' dir='ltr'>castris,</span> <span class='ocrx_word' id='word_1_203' title='bbox 1656 2929 1816 2987; x_wconf 92' lang='lat' dir='ltr'>quae</span> <span class='ocrx_word' id='word_1_204' title='bbox 1873 2929 2177 2969; x_wconf 92' lang='lat' dir='ltr'>summum</span> <span class='ocrx_word' id='word_1_205' title='bbox 2236 2909 2509 2987; x_wconf 90' lang='lat' dir='ltr'>undique</span> 
     </span>
     <span class='ocr_line' id='line_1_26' title="bbox 429 3009 2510 3088; baseline 0 -20"><span class='ocrx_word' id='word_1_206' title='bbox 429 3010 633 3088; x_wconf 89' lang='lat' dir='ltr'>iugum</span> <span class='ocrx_word' id='word_1_207' title='bbox 692 3012 1003 3081; x_wconf 88' lang='lat' dir='ltr'>tenebant,</span> <span class='ocrx_word' id='word_1_208' title='bbox 1068 3012 1438 3086; x_wconf 90' lang='lat' dir='ltr'>despectus;</span> <span class='ocrx_word' id='word_1_209' title='bbox 1485 3020 1668 3087; x_wconf 88' lang='lat' dir='ltr'>atque</span> <span class='ocrx_word' id='word_1_210' title='bbox 1728 3017 1943 3070; x_wconf 92' lang='lat' dir='ltr'>omnes</span> <span class='ocrx_word' id='word_1_211' title='bbox 2001 3011 2228 3070; x_wconf 88' lang='lat' dir='ltr'>milites</span> <span class='ocrx_word' id='word_1_212' title='bbox 2287 3009 2510 3070; x_wconf 89' lang='lat' dir='ltr'>intenti</span> 
     </span>
     <span class='ocr_line' id='line_1_27' title="bbox 426 3107 2512 3188; baseline 0.001 -19"><span class='ocrx_word' id='word_1_213' title='bbox 426 3121 667 3188; x_wconf 76' lang='lat' dir='ltr'>pognae</span> <span class='ocrx_word' id='word_1_214' title='bbox 693 3119 1054 3187; x_wconf 90' lang='lat' dir='ltr'>proventum</span> <span class='ocrx_word' id='word_1_215' title='bbox 1074 3107 1097 3141; x_wconf 78' lang='lat'><strong>⁶</strong></span> <span class='ocrx_word' id='word_1_216' title='bbox 1119 3110 1579 3186; x_wconf 74' lang='lat' dir='ltr'>exspectabant.</span> <span class='ocrx_word' id='word_1_217' title='bbox 1668 3111 1832 3169; x_wconf 91' lang='lat' dir='ltr'>Galli</span> <span class='ocrx_word' id='word_1_218' title='bbox 1857 3110 2015 3170; x_wconf 90' lang='lat' dir='ltr'>inter</span> <span class='ocrx_word' id='word_1_219' title='bbox 2037 3111 2277 3188; x_wconf 90' lang='lat' dir='ltr'>equites</span> <span class='ocrx_word' id='word_1_220' title='bbox 2300 3118 2471 3171; x_wconf 89' lang='lat' dir='ltr'>raros</span> <span class='ocrx_word' id='word_1_221' title='bbox 2492 3108 2512 3144; x_wconf 78' lang='lat'><strong><em>⁷</em></strong></span> 
     </span>
     <span class='ocr_line' id='line_1_28' title="bbox 428 3209 2509 3290; baseline 0.001 -21"><span class='ocrx_word' id='word_1_222' title='bbox 428 3211 774 3287; x_wconf 81' lang='lat' dir='ltr'>sagittarios</span> <span class='ocrx_word' id='word_1_223' title='bbox 819 3211 1265 3286; x_wconf 77' lang='lat' dir='ltr'>expeditosque</span> <span class='ocrx_word' id='word_1_224' title='bbox 1310 3209 1465 3267; x_wconf 90' lang='lat' dir='ltr'>levis</span> <span class='ocrx_word' id='word_1_225' title='bbox 1512 3219 1852 3270; x_wconf 70' lang='lat' dir='ltr'>armaturae</span> <span class='ocrx_word' id='word_1_226' title='bbox 1897 3211 2344 3286; x_wconf 86' lang='lat' dir='ltr'>interiecerant‚</span> <span class='ocrx_word' id='word_1_227' title='bbox 2402 3221 2509 3290; x_wconf 88' lang='lat' dir='ltr'>qui</span> 
     </span>
     <span class='ocr_line' id='line_1_29' title="bbox 327 3310 2507 3391; baseline 0.004 -26"><span class='ocrx_word' id='word_1_228' title='bbox 327 3330 388 3383; x_wconf 84' lang='lat'>25</span> <span class='ocrx_word' id='word_1_229' title='bbox 425 3320 555 3370; x_wconf 88' lang='lat' dir='ltr'>suis</span> <span class='ocrx_word' id='word_1_230' title='bbox 584 3311 950 3370; x_wconf 78' lang='lat' dir='ltr'>cedentibus</span> <span class='ocrx_word' id='word_1_231' title='bbox 995 3310 1221 3369; x_wconf 90' lang='lat' dir='ltr'>auxilio</span> <span class='ocrx_word' id='word_1_232' title='bbox 1266 3320 1692 3369; x_wconf 89' lang='lat' dir='ltr'>succurrerent</span> <span class='ocrx_word' id='word_1_233' title='bbox 1737 3320 1799 3371; x_wconf 88' lang='lat' dir='ltr'>et</span> <span class='ocrx_word' id='word_1_234' title='bbox 1842 3320 2185 3372; x_wconf 91' lang='lat' dir='ltr'>nostrorum</span> <span class='ocrx_word' id='word_1_235' title='bbox 2232 3313 2507 3391; x_wconf 89' lang='lat' dir='ltr'>equitum</span> 
     </span>
     <span class='ocr_line' id='line_1_30' title="bbox 426 3410 2510 3489; baseline 0.003 -21"><span class='ocrx_word' id='word_1_236' title='bbox 426 3410 688 3487; x_wconf 71' lang='lat' dir='ltr'>impetus</span> <span class='ocrx_word' id='word_1_237' title='bbox 721 3410 1110 3469; x_wconf 78' lang='lat' dir='ltr'>sustinerent.</span> <span class='ocrx_word' id='word_1_238' title='bbox 1200 3410 1298 3468; x_wconf 95' lang='lat' dir='ltr'>Ab</span> <span class='ocrx_word' id='word_1_239' title='bbox 1329 3411 1428 3468; x_wconf 89' lang='lat' dir='ltr'>his</span> <span class='ocrx_word' id='word_1_240' title='bbox 1459 3410 1801 3487; x_wconf 75' lang='lat' dir='ltr'>complures</span> <span class='ocrx_word' id='word_1_241' title='bbox 1833 3412 1910 3470; x_wconf 92' lang='lat' dir='ltr'>de</span> <span class='ocrx_word' id='word_1_242' title='bbox 1942 3412 2277 3489; x_wconf 91' lang='lat' dir='ltr'>improviso</span> <span class='ocrx_word' id='word_1_243' title='bbox 2305 3414 2510 3474; x_wconf 90' lang='lat' dir='ltr'>volne-</span> 
     </span>
     <span class='ocr_line' id='line_1_31' title="bbox 425 3510 2507 3588; baseline 0.001 -18"><span class='ocrx_word' id='word_1_244' title='bbox 425 3520 541 3570; x_wconf 89' lang='lat' dir='ltr'>rati</span> <span class='ocrx_word' id='word_1_245' title='bbox 572 3510 804 3588; x_wconf 91' lang='lat' dir='ltr'>proelio</span> <span class='ocrx_word' id='word_1_246' title='bbox 849 3511 1251 3569; x_wconf 89' lang='lat' dir='ltr'>excedebant.</span> <span class='ocrx_word' id='word_1_247' title='bbox 1341 3511 1501 3570; x_wconf 93' lang='lat' dir='ltr'>Cum</span> <span class='ocrx_word' id='word_1_248' title='bbox 1545 3518 1693 3570; x_wconf 91' lang='lat' dir='ltr'>suos</span> <span class='ocrx_word' id='word_1_249' title='bbox 1737 3520 1943 3588; x_wconf 76' lang='lat' dir='ltr'>pugna</span> <span class='ocrx_word' id='word_1_250' title='bbox 1989 3513 2338 3588; x_wconf 91' lang='lat' dir='ltr'>superiores</span> <span class='ocrx_word' id='word_1_251' title='bbox 2369 3532 2507 3573; x_wconf 91' lang='lat' dir='ltr'>esse</span> 
     </span>
    </p>
   </div>
   <div class='ocr_carea' id='block_1_6' title="bbox 422 3675 2510 3827">
    <p class='ocr_par' dir='ltr' id='par_1_9' title="bbox 422 3675 2510 3827">
     <span class='ocr_line' id='line_1_32' title="bbox 503 3675 2510 3747; baseline 0.001 -20"><span class='ocrx_word' id='word_1_252' title='bbox 503 3678 586 3727; x_wconf 79' lang='lat' dir='ltr'>Cf.</span> <span class='ocrx_word' id='word_1_253' title='bbox 611 3675 632 3711; x_wconf 87' lang='lat'>¹</span> <span class='ocrx_word' id='word_1_254' title='bbox 656 3675 935 3742; x_wconf 81' lang='lat' dir='ltr'>praefecti.</span> <span class='ocrx_word' id='word_1_255' title='bbox 950 3705 1018 3714; x_wconf 95' lang='lat'><strong>—</strong></span> <span class='ocrx_word' id='word_1_256' title='bbox 1030 3676 1053 3710; x_wconf 74' lang='lat'><em>2</em></span> <span class='ocrx_word' id='word_1_257' title='bbox 1075 3677 1380 3730; x_wconf 80' lang='lat' dir='ltr'>commissa.</span> <span class='ocrx_word' id='word_1_258' title='bbox 1400 3676 1504 3715; x_wconf 69' lang='lat'>—8</span> <span class='ocrx_word' id='word_1_259' title='bbox 1523 3678 1843 3743; x_wconf 66' lang='lat' dir='ltr'>conspectis.</span> <span class='ocrx_word' id='word_1_260' title='bbox 1860 3677 1963 3715; x_wconf 77' lang='lat'>—4</span> <span class='ocrx_word' id='word_1_261' title='bbox 1980 3680 2142 3733; x_wconf 85' lang='lat' dir='ltr'>terra.</span> <span class='ocrx_word' id='word_1_262' title='bbox 2156 3676 2259 3716; x_wconf 67' lang='lat'>——5</span> <span class='ocrx_word' id='word_1_263' title='bbox 2281 3694 2400 3747; x_wconf 88' lang='lat' dir='ltr'>opp.</span> <span class='ocrx_word' id='word_1_264' title='bbox 2421 3680 2510 3730; x_wconf 79' lang='lat' dir='ltr'>de-</span> 
     </span>
     <span class='ocr_line' id='line_1_33' title="bbox 422 3760 1500 3827; baseline -0.002 -12"><span class='ocrx_word' id='word_1_265' title='bbox 422 3762 586 3817; x_wconf 69' lang='lat' dir='ltr'>serat.</span> <span class='ocrx_word' id='word_1_266' title='bbox 603 3761 704 3799; x_wconf 64' lang='lat'>-3</span> <span class='ocrx_word' id='word_1_267' title='bbox 729 3763 997 3814; x_wconf 83' lang='lat' dir='ltr'>eventum.</span> <span class='ocrx_word' id='word_1_268' title='bbox 1013 3760 1114 3798; x_wconf 77' lang='lat'>—7</span> <span class='ocrx_word' id='word_1_269' title='bbox 1140 3777 1262 3827; x_wconf 89' lang='lat' dir='ltr'>opp.</span> <span class='ocrx_word' id='word_1_270' title='bbox 1287 3763 1500 3813; x_wconf 73' lang='lat' dir='ltr'>densos·</span> 
     </span>
    </p>
   </div>
  </div>
 </body>
</html>
