2819 4297
388 259 477 322 26
1128 258 1259 321 The
1307 258 1530 321 Gallie
1573 258 1738 321 War.
2254 210 2482 331 [cam

389 450 613 528 quibus
658 450 744 509 illi
790 458 969 528 agres
1016 451 1336 524 dederunt,
1372 457 1654 527 quesque
1706 458 1925 527 postea
1972 448 2034 506 in
2081 466 2290 525 parem
2335 446 2481 505 iuris

389 550 813 627 libertatisque
845 550 1273 610 condicienem
1305 559 1489 627 atque
1523 550 1642 627 ipsi
1673 560 1848 609 erant
1878 555 2256 626 receperunt.
2289 562 2346 629 ‘s’

717 715 905 756 Census
934 715 985 756 of
1010 716 1096 756 the
1123 716 1294 756 Tribes
1322 715 1498 756 Before
1526 716 1622 756 and
1649 716 1790 757 After
1814 716 1942 757 their
1969 714 2155 756 March.
2248 698 2264 729 ‘¹
2285 680 2349 745 4

473 858 567 909 29.
630 853 704 909 In
735 859 954 910 castris
991 851 1420 912 Helvetierum
1452 852 1699 911 tabulae
1731 848 2039 928 repertae¹
2076 861 2219 910 sunt
2264 851 2483 910 litteris

392 953 648 1011 Graecis
680 952 1001 1010 cenfectae
1033 961 1094 1010 et
1124 952 1203 1010 ad
1237 954 1569 1012 Caesarem
1602 952 1848 1023 relatae,
1885 952 2109 1029 quibus
2155 950 2218 1009 in
2256 950 2482 1009 tabulis

273 1079 279 1085 ·
329 1071 356 1126 5
392 1051 750 1111 ῐιόωἰῃέιῑίῐῐι
770 1052 926 1111 ratie
941 1052 1226 1111 cenfecta
1239 1062 1384 1125 erat,
1399 1061 1812 1129 quinumerus
1830 1052 2013 1110 dome
2027 1061 2255 1110 exisset
2274 1058 2482 1110 eerum

394 1160 498 1228 qui
536 1171 705 1210 arma
742 1152 902 1211 ferre
943 1161 1215 1229 possent,
1256 1162 1318 1212 et
1359 1153 1507 1211 item
1540 1152 1869 1229 separatim
1901 1160 2044 1228 quot
2079 1161 2268 1228 pueri,
2304 1157 2483 1209 senes

391 1252 819 1329 mulieresque.
909 1253 1186 1327 Qua-trum
1217 1254 1489 1312 omnium
1535 1261 1733 1312 rerum
1781 1272 2017 1312 summa
2050 1262 2182 1312 erat
2211 1251 2483 1328 capitum

396 1353 818 1412 Helvetierum
845 1354 1074 1411 milium
1102 1370 1363 1426 CCanr,
1382 1354 1785 1430 Tulingerum
1808 1353 2040 1411 milium
2062 1370 2281 1423 xxxvr,
2306 1354 2483 1410 Lato·

394 1454 707 1530 brigerum
752 1471 923 1525 xmr,
962 1456 1382 1512 Rauracerum
1429 1470 1617 1525 xxm,
1659 1453 1944 1511 Beierum
1991 1470 2221 1523 xxxn3
2270 1471 2344 1510 ex
2387 1452 2484 1510 his

301 1573 359 1608 10
395 1562 499 1628 qui
531 1572 700 1610 arma
727 1553 886 1610 ferre
920 1562 1192 1628 possent,
1221 1553 1301 1610 ad
1331 1551 1498 1609 milia
1531 1568 1684 1610 XCII.
1779 1553 2028 1609 Summa
2058 1551 2328 1608 omnium
2361 1551 2483 1607 fue-

395 1663 535 1711 runt
559 1652 638 1710 ad
663 1651 830 1708 milia
854 1669 1194 1710 CCCvam.
1287 1653 1511 1710 Eerum
1537 1659 1641 1726 qui
1667 1650 1916 1708 domum
1939 1649 2251 1708 redierunt
2294 1656 2484 1707 censii

398 1751 629 1822 habite,
663 1760 729 1809 ut
761 1752 994 1810 Caesar
1025 1750 1448 1827 imperaverat,
1484 1760 1761 1826 repertus
1802 1759 1895 1808 est
1932 1767 2221 1807 numerus
2253 1748 2484 1806 milium

398 1869 434 1910 C
464 1860 526 1973 {t
557 1868 617 1910 X·
977 1933 1132 1974 Gallie
1159 1932 1326 1974 Chiefs
1353 1933 1704 1984 Congratulate
1730 1932 1911 1975 Caesar.

479 2038 573 2126 ἐοῑ
636 2069 808 2129 Belle
843 2069 1270 2129 Helvetierum
1308 2070 1598 2128 cenfeete
1631 2077 1819 2128 tetius
1849 2068 1978 2127 fere
2009 2067 2250 2128 Galliae
2281 2069 2483 2146 legati,

301 2190 360 2241 ¹5
397 2169 707 2247 principes
751 2170 1083 2244 civitatum,
1118 2172 1198 2231 ad
1241 2173 1572 2231 Caesarem
1615 2171 1986 2248 gratulatum
2031 2176 2483 2229 convenerunt:

399 2270 791 2347 ‘Intellegere
823 2278 977 2343 sese,
1000 2278 1245 2330 tametsi
1275 2279 1387 2348 pre
1419 2268 1764 2330 veteribus²
1796 2270 2223 2330 Helvetierum
2253 2269 2486 2327 iniuriis

399 2370 610 2447 populi
653 2372 921 2429 Remani
966 2372 1044 2429 ab
1090 2372 1186 2429 his
1231 2380 1466 2447 poenas
1519 2372 1684 2430 belle
1729 2381 2069 2447 repetisset,
2101 2381 2304 2429 tamen
2352 2389 2486 2428 eam

400 2488 525 2528 rem
558 2478 682 2528 nen
717 2470 921 2528 minus
965 2489 1040 2528 ex
1084 2480 1199 2529 usti
1250 2481 1447 2530 terrae
1479 2471 1716 2530 Galliae
1748 2491 1930 2548 quam
1977 2472 2188 2548 populi
2223 2473 2488 2529 Remani

399 2570 701 2629 accidisse
736 2568 793 2642 ;8
834 2578 1159 2647 propterea
1189 2571 1357 2647 quod
1388 2578 1465 2630 ee
1511 2571 1769 2631 censilie
1814 2572 2263 2631 flerentissimis
2307 2572 2488 2629 rebus

301 2688 362 2722 20
400 2671 618 2730 domes
670 2679 816 2729 sues
868 2662 1138 2730 Helvetii
1182 2669 1618 2747 reliquissent,⁴
1660 2681 1748 2730 uti
1796 2680 1910 2731 teti
1965 2671 2204 2731 Galliae
2261 2670 2488 2729 bellum

401 2772 697 2830 inferrent
761 2771 1140 2847 imperieque
1213 2770 1591 2849 potirentur⁵
1653 2772 1979 2847 locumque
2039 2770 2348 2829 domicilie
2416 2789 2490 2827 ex

401 2880 624 2948 megne
655 2871 837 2947 cepie.
868 2870 1254 2948 deligerent,⁶
1282 2891 1468 2947 quem
1512 2892 1587 2930 ex
1623 2882 1790 2931 omni
1822 2872 2025 2931 Gallia
2054 2870 2490 2948 opportunissi-

401 2990 565 3029 mum
610 2991 685 3030 ac
729 2972 1284 3030 fruetuesissimum
1346 2971 1743 3046 iudicassent,
1789 2972 2180 3048 reliquiisque
2227 2969 2491 3028 civitetis

401 3071 837 3147 stipendiarias
869 3072 1206 3130 haberent.'

1111 3230 1248 3279 They
1277 3232 1494 3282 Request
1523 3244 1552 3272 a
1578 3231 1792 3273 Council.

301 3378 328 3413 2
337 3376 364 3431 5
487 3348 804 3407 Petierunt
837 3357 923 3407 uti
955 3349 1071 3407 sibi
1113 3349 1438 3408 concilium
1483 3358 1673 3409 tetius
1705 3348 1944 3409 Galliae
1973 3348 2036 3407 in
2069 3349 2231 3408 diem
2262 3354 2491 3407 certam

401 3447 675 3506 indicere
709 3447 892 3523 idque
915 3448 1200 3508 Caesaris
1222 3449 1535 3507 voluntate
1555 3449 1759 3507 facere
1785 3448 1997 3508 liceret
2015 3473 2025 3508 :
2043 3445 2061 3479 ⁷
2104 3455 2240 3507 sese
2266 3448 2490 3506 habere

485 3597 571 3647 Cf.
596 3596 615 3630 1
634 3598 953 3663 reperiebat,
979 3614 1028 3661 p.
1061 3598 1134 3656 16,
1160 3600 1192 3647 1.
1225 3599 1417 3661 17.—2
1442 3599 1664 3665 veteris,
1695 3614 1769 3658 12,
1799 3611 1842 3660 7.
1860 3598 1965 3637 —3
1984 3599 2292 3663 accidisset,
2319 3611 2393 3659 17,
2414 3611 2440 3645 2
2449 3609 2487 3661 5.

397 3681 493 3720 —4
510 3681 933 3747 relinquebatur,
954 3679 1003 3738 8,
1028 3694 1069 3730 1.
1088 3710 1155 3718 —
1171 3680 1193 3715 ⁵
1214 3683 1397 3746 potiti,
1424 3697 1500 3742 24,
1522 3696 1566 3744 7.
1588 3711 1654 3718 —
1670 3682 1691 3715 ⁶
1711 3683 1989 3748 deligitur,
2016 3697 2062 3747 3,
2094 3695 2167 3743 14.
2187 3709 2254 3717 —
2271 3680 2290 3712 ⁷
2310 3680 2492 3745 liceat,

397 3764 447 3825 6,
482 3763 560 3813 26.
