2819 4297
438 278 565 342 124
1168 260 1301 323 The
1352 259 1576 325 Gallie
1626 261 1797 325 War.
2285 269 2520 339 [Casan

428 460 664 531 eosque
719 473 796 515 ex
852 453 1024 514 silvis
1082 453 1449 532 expulerunt
1519 463 1735 532 paucis
1792 454 2150 516 volneribus
2222 463 2516 533 acceptiS.

432 555 557 615 Sed
586 562 697 615 eos
752 554 1049 633 fugientis
1100 554 1345 634 longius
1406 557 1640 616 Caesar
1676 562 1969 633 prosequi
2015 555 2225 629 vetuit,
2258 565 2321 616 et
2351 556 2521 634 quod

429 655 548 716 loci
604 664 883 715 naturam
942 656 1284 733 ignorabat,
1331 665 1395 715 et
1454 656 1623 733 quod
1679 665 1906 734 magna
1964 666 2137 734 parte
2195 655 2319 716 dioi
2376 664 2521 717 con-

429 764 674 834 sumpta
702 756 1028 815 munitioni
1057 763 1398 816 castrorum
1429 754 1711 834 tempus¹
1739 757 2002 834 relinqui
2031 757 2293 818 volobat.

479 938 582 980 The
609 937 746 980 Fleet
773 938 963 981 suffen
987 938 1117 981 from
1143 950 1175 981 ι
1202 939 1383 989 Stenn,
1412 939 1457 980 is
1486 939 1685 990 Hastily
1713 939 1952 991 Repaired
1978 940 2076 982 and
2102 939 2285 982 Drawn
2314 952 2378 992 up
2404 951 2468 983 on

1395 1005 1567 1048 Shore.
1791 1002 1801 1010 ”

368 1164 393 1217 5
512 1149 605 1200 10.
665 1137 1010 1203 ¹Postridie}
1039 1142 1174 1202 eius
1204 1142 1329 1202 dioi
1359 1150 1541 1201 mane
1570 1141 1876 1220 tripartito
1899 1142 2125 1203 militos
2155 1142 2519 1220 equitosque

429 1242 493 1301 in
522 1244 981 1320 expeditionem
1023 1243 1207 1317 misit,
1242 1252 1310 1303 ut
1339 1250 1450 1302 eos
1501 1250 1608 1319 qui
1655 1242 1941 1320 fugerant
1983 1253 2514 1321 persequerentur.

432 1346 554 1402 His
587 1343 971 1420 aliquantum
1003 1343 1241 1403 itineris
1286 1351 1648 1420 progressiS,
1682 1362 1823 1403 cum
1869 1344 1992 1403 iam
2022 1351 2278 1403 extromi
2307 1354 2521 1405 essent

429 1443 493 1502 in
523 1452 872 1522 prospectu,
907 1443 1150 1521 equitos
1186 1452 1225 1503 ὅ,
1260 1443 1338 1518 Q.
1370 1436 1549 1503 Ktrio
1584 1444 1666 1504 ad
1707 1446 2036 1504 Caesarem
2070 1452 2370 1505 vonorunt
2410 1454 2518 1523 qui

430 1544 801 1618 nuntiarent,
824 1545 1136 1621 superiore
1164 1553 1350 1603 nocte
1380 1544 1647 1604 maximi
1676 1547 1886 1604 coorta
1915 1554 2297 1623 tempestate,
2326 1542 2519 1624 prope

336 1668 395 1704 10
430 1652 647 1705 omnes
678 1653 854 1705 navis
884 1644 1166 1704 adflictas
1188 1654 1375 1720 atque
1404 1643 1470 1702 in
1499 1643 1643 1703 litus
1666 1644 1894 1705 eiectas
1912 1664 2050 1705 esse
2076 1669 2090 1718 ;
2125 1646 2292 1723 quod
2317 1665 2519 1723 neque

432 1763 693 1804 ancorae
721 1746 1026 1821 funesque
1057 1744 1436 1804 sustinerent
1465 1763 1667 1821 neque
1699 1755 1920 1805 nautae
1948 1747 2519 1823 gubernatorosque

431 1845 555 1904 vim
585 1844 974 1922 tempestatis
1018 1840 1182 1922 pati⁸
1230 1854 1506 1922 possent.
1597 1848 1818 1922 Itaque
1864 1864 1941 1905 ex
1972 1853 2048 1906 eo
2078 1856 2378 1906 concursu
2416 1855 2521 1907 na-

432 1945 596 2005 vium
627 1955 915 2024 magnum
947 1964 1087 2005 esse
1118 1942 1612 2005 incommodum⁴
1640 1955 1976 2024 acceptum.

517 2055 610 2104 11.
674 2049 794 2107 His
850 2047 1037 2106 robus
1095 2047 1361 2124 cognitis
1438 2048 1670 2107 Caesar
1725 2045 1999 2124 legionos
2057 2047 2522 2125 equitatumque

339 2170 398 2225 15
432 2157 710 2208 revocari
740 2159 922 2225 atque
952 2147 1016 2207 in
1047 2146 1266 2208 itinere
1295 2146 1581 2207 resistere
1613 2146 1801 2220 iubet,
1835 2147 1968 2225 ipse
2000 2147 2079 2208 ad
2120 2157 2295 2208 navis
2324 2168 2523 2209 rever-

434 2249 607 2322 titur3
667 2249 883 2309 eadem
936 2249 1067 2308 fero
1126 2267 1285 2325 quae
1342 2267 1420 2307 ex
1490 2248 1722 2308 nuntiis
1789 2247 2074 2328 [litteris]
2148 2255 2525 2327 cognoverat

435 2356 640 2409 coram
672 2348 978 2425 perspicit,
1012 2357 1103 2408 sic
1133 2358 1200 2407 ut
1245 2346 1532 2407 amissis⁵
1560 2348 1801 2407 circiter
1831 2365 1916 2406 XL
1959 2349 2219 2408 navibus
2249 2349 2524 2426 reliquae

435 2459 639 2509 tamen
686 2449 851 2509 refici
894 2468 1081 2524 posse
1130 2455 1355 2526 magno
1401 2444 1692 2525 negotio⁶
1735 2448 2104 2509 viderentur.
2197 2452 2417 2525 Itaque
2449 2469 2524 2510 ex

436 2549 783 2627 legionibus
812 2549 1024 2608 fabros
1058 2549 1271 2626 deligit
1303 2558 1366 2608 et
1395 2568 1473 2608 ex
1502 2549 1843 2608 continenti
1875 2549 2027 2609 alios
2060 2559 2289 2609 arcessi
2319 2549 2522 2623 iubet3

337 2673 400 2708 20
437 2649 716 2710 Labiono
740 2647 989 2710 scribit⁷
1019 2659 1086 2709 ut
1116 2667 1300 2726 quam
1324 2649 1618 2725 plurimas
1641 2649 1839 2725 possit
1869 2658 1959 2709 eis
1989 2648 2335 2727 legionibus
2365 2670 2525 2726 quae

437 2761 582 2811 sunt
612 2750 778 2827 apud
807 2768 947 2810 eum
978 2759 1152 2810 navis
1206 2745 1534 2809 instituat.⁸
1619 2753 1782 2826 Ipse,
1817 2758 1936 2809 etsi
1983 2757 2083 2810 ros
2119 2760 2251 2811 erat
2297 2752 2526 2811 multae

436 2871 662 2929 operae
718 2870 794 2911 ac
865 2850 1110 2922 laboris,
1172 2860 1378 2910 tamen
1451 2847 2047 2910 commodissimum⁹
2078 2839 2239 2910 ‘esse
2312 2850 2528 2911 statuit

436 2960 637 3012 omnis
655 2934 839 3011 'navis
862 2951 1123 3010 subduci
1139 2946 1181 2982 ¹⁰
1202 2960 1264 3011 et
1282 2969 1421 3008 cum
1451 2959 1670 3009 castris
1701 2959 1823 3010 una
1853 2951 2192 3011 munitione
2216 2951 2523 3029 coniungi.

438 3055 513 3111 In
543 3053 643 3111 his
672 3052 858 3111 robus
894 3050 1134 3110 circiter
1178 3050 1312 3109 dios
1363 3067 1409 3108 x
1448 3049 1755 3110 consumit
1820 3057 1898 3109 no
1928 3058 2247 3110 nocturnis
2277 3050 2527 3128 quidem

338 3182 363 3217 2
374 3181 399 3235 5
435 3152 817 3230 temporibus
887 3151 967 3210 ad
1038 3151 1313 3211 laborem
1384 3150 1643 3209 militum
1718 3151 2101 3210 intermissis.
2192 3151 2529 3212 Subductis

438 3252 702 3313 navibus
732 3259 1073 3328 castrisque
1104 3250 1347 3330 ogregio
1377 3260 1629 3311 munitis
1673 3251 1925 3311 easdem
1956 3250 2169 3328 copias
2199 3260 2355 3328 quas
2385 3261 2529 3312 ante

436 3351 748 3431 praesidio
795 3352 1055 3412 navibus
1095 3350 1425 3428 relinquit3
1472 3350 1608 3427 ipse
1637 3351 1857 3411 eodem
1897 3351 2062 3410 unde
2102 3351 2368 3411 redierat
2395 3370 2531 3428 pro-

437 3448 794 3514 ficiscitur.¹¹
882 3454 972 3511 Eo
1012 3471 1151 3511 cum
1181 3451 1471 3522 venisset,
1505 3450 1771 3511 maiores
1809 3451 1932 3510 iam
1972 3451 2245 3528 undique
2281 3451 2345 3510 in
2389 3470 2530 3511 eum

529 3620 616 3671 Cf.
650 3619 669 3654 ¹
695 3620 960 3686 spatium.
974 3617 1078 3655 —2
1100 3620 1316 3684 postero
1363 3618 1470 3669 dio.
1494 3646 1561 3654 —
1583 3616 1605 3650 ⁸
1630 3617 1882 3683 perferre.
1908 3647 1977 3655 —-
1997 3617 2018 3650 4
2042 3618 2447 3671 dotrimentum.
2464 3647 2534 3657 —

437 3701 461 3736 ⁶
483 3704 735 3771 perditis.
750 3702 849 3740 -θ
873 3703 1073 3755 labore.
1091 3700 1191 3739 —-⁷
1216 3701 1433 3754 litteriis
1465 3702 1650 3755 mittit
1683 3703 1772 3755 ad.
1789 3731 1858 3740 -
1873 3701 1895 3735 ⁸
1920 3705 2212 3769 comparet.
2226 3702 2329 3740 —⁹
2351 3702 2535 3756 utilis-

438 3787 660 3840 simum.
675 3785 797 3823 —10
819 3801 941 3850 opp.
964 3784 1172 3838 ᾱδᾶΐιοί.
1187 3813 1256 3822 -
1271 3783 1315 3818 ²¹
1339 3785 1599 3851 procidit.
