2819 4297
325 292 385 341 B.
407 291 472 341 G.
499 291 594 341 IV.
623 291 725 357 11.]
805 277 1166 364 Campazgn
1197 280 1472 365 against
1502 280 1609 344 tlze
1646 279 1988 345 Germans.
2329 299 2420 363 99

320 473 623 550 tandique
668 481 858 533 causa
888 472 967 533 ad
1000 472 1416 533 Ambivarites
1461 482 1633 533 trans
1666 474 1912 532 Mosam
1952 472 2244 545 missam;
2304 473 2419 533 hes

321 582 672 650 exspectari
718 573 958 651 equites
1007 582 1193 650 atque
1252 573 1385 632 eius
1444 581 1534 632 rei
1585 582 1775 633 cause
1826 592 2058 633 moram
2110 573 2421 651 interpeni

322 674 753 735 arbitrabatur.

857 772 961 814 The
988 773 1160 814 Mense
1186 773 1284 815 and
1309 772 1396 814 the
1424 773 1583 814 Rhine
1611 772 1893 814 Described.

408 901 505 951 10.
566 894 751 954 Mosa
799 892 1049 970 prefluit
1101 912 1177 952 ex
1228 902 1435 952 monte
1487 894 1755 970 Vosege,
1790 901 1895 968 qui
1938 902 2034 952 est
2078 893 2140 951 in
2183 893 2417 953 finibus

322 994 694 1072 Lingonum,
729 1004 791 1054 et
830 1003 1004 1070 parte
1036 993 1301 1070 quadam
1344 1012 1421 1052 ex
1453 993 1678 1052 Rhene
1717 1002 1966 1070 recepta
2011 1013 2170 1070 quae
2216 994 2418 1070 appel-

321 1095 484 1154 letur
524 1095 813 1167 Vacalus,
862 1094 1126 1153 insulam
1172 1093 1357 1152 efficit
1403 1095 1770 1153 Bataverum
1818 1093 1915 1173 [in
1962 1086 2281 1153 Oceanum
2335 1104 2418 1152 in-

322 1195 492 1276 fluit]
520 1215 721 1272 neque
752 1195 997 1273 longius
1028 1194 1172 1254 inde
1203 1195 1450 1254 milibus
1481 1212 1775 1271 passuum
1807 1211 1983 1252 Lxxx
2013 1194 2076 1252 in
2099 1187 2418 1254 Oceanum

323 1296 543 1356 influit.
634 1296 894 1355 Rhenus
931 1305 1133 1355 autem
1171 1295 1362 1354 oritur
1398 1314 1476 1353 ex
1525 1294 1864 1371 Lepontiis,
1901 1302 2007 1371 qui
2038 1295 2216 1371 Alpis
2257 1295 2421 1354 inco-

322 1397 479 1471 lunt,
532 1406 595 1456 et
640 1396 827 1474 longe
881 1395 1082 1473 spatie
1133 1415 1243 1472 per
1293 1395 1443 1454 sinis
1494 1397 1552 1454 N
1558 1394 1918 1468 aumatium,
1969 1395 2414 1468 Helvetierum,

328 1499 774 1574 Sequanerum,
803 1495 1359 1569 Mediomatricum,
1389 1495 1815 1569 Tribocerum,
1841 1497 2245 1556 Trevererum
2278 1496 2421 1556 cita·

322 1606 427 1657 tus
471 1598 706 1671 fertur3
754 1606 817 1657 et
853 1597 959 1656 ubi
991 1589 1247 1657 Oceane
1290 1595 1825 1674 adpropinquavit,
1851 1596 1915 1654 in
1961 1596 2155 1673 pluris
2206 1597 2418 1657 defluit

322 1706 518 1776 partis
562 1698 770 1757 multis
814 1693 1336 1776 ingentibusque¹
1388 1697 1610 1756 insulis
1655 1696 1913 1770 effectiS,
1961 1706 2216 1775 quarum
2277 1717 2418 1775 pars

324 1807 552 1878 magna
579 1808 617 1858 a
645 1799 793 1858 feris
824 1799 1228 1875 barbarisque
1262 1797 1618 1858 natienibus
1650 1796 1956 1870 incolitur,
1982 1834 2067 1842 —
2089 1818 2165 1857 ex
2195 1799 2419 1874 quibus

322 1908 472 1959 sunt
511 1907 617 1976 qui
656 1898 932 1976 piscibus
972 1908 1156 1976 atque
1204 1907 1337 1959 evis
1376 1897 1581 1958 avium
1621 1906 1826 1958 vivere
1870 1899 2315 1973 existimantur,
2337 1935 2422 1943 —-

318 1999 658 2077 multisque
688 1998 994 2077 capitibus
1030 1999 1094 2058 in
1124 1992 1445 2059 Oceanum
1476 1998 1693 2058 influit.

689 2148 855 2191 Caesar
879 2148 1153 2191 Advances.
1209 2148 1348 2190 More
1375 2147 1640 2200 Parieying
1664 2151 1718 2188 to
1745 2146 1871 2188 Gain
1896 2146 2052 2189 Time.

409 2279 505 2328 11.
567 2270 801 2330 Caesar
834 2287 975 2328 cum
1012 2268 1091 2327 ab
1133 2269 1313 2327 hoste
1350 2275 1476 2327 nen
1514 2266 1775 2343 amplius
1812 2285 2106 2344 passuum
2137 2286 2233 2327 ΧΠ
2271 2268 2418 2327 mili·

318 2372 444 2431 bus
475 2370 742 2443 abesset,
776 2378 843 2429 ut
873 2378 1003 2429 erat
1033 2368 1457 2441 censtitfitum,
1490 2367 1569 2426 ad
1601 2387 1741 2427 eum
1778 2367 1963 2445 legati
1993 2377 2415 2440 revertuntur;

323 2480 434 2549 qui
465 2471 527 2529 in
559 2470 776 2530 itinere
808 2477 1125 2548 congressi
1158 2478 1532 2546 magnopere
1563 2476 1642 2528 ne
1679 2468 1924 2546 longius
1953 2469 2422 2547 progrederetur

323 2572 606 2633 erebant.
711 2573 867 2631 Cum
914 2571 978 2630 id
1020 2578 1146 2630 nen
1193 2570 1647 2647 impetrassent,
1696 2570 1994 2646 petebant
2040 2579 2130 2629 uti
2181 2570 2262 2631 ad
2312 2580 2421 2632 ees

325 2672 567 2751 equites
588 2679 694 2748 qui
720 2690 939 2749 agmen
966 2671 1448 2731 antecessissent
1466 2666 1488 2700 ²
1507 2670 1941 2747 praemitteret,
1966 2679 2199 2748 eesque
2217 2682 2423 2749 pugna

323 2773 699 2853 prohiberet,
739 2771 982 2849 sibique
1024 2781 1090 2831 ut
1133 2780 1506 2848 potestatem
1548 2771 1783 2830 faceret
1826 2771 1889 2829 in
1936 2772 2138 2831 Ubies
2186 2773 2421 2849 legates

324 2874 653 2946 mittendi;
699 2881 960 2949 querum
996 2881 1050 2932 si
1095 2871 1406 2949 principes
1447 2891 1522 2931 ac
1561 2880 1814 2931 senatus
1845 2871 1965 2930 sibi
2005 2870 2132 2930 iure
2164 2871 2420 2932 iurando

324 2977 511 3035 fidem
539 2973 808 3047 fecisset,
844 2982 919 3033 ea
949 2973 1317 3033 condiciene
1350 2992 1509 3049 quae
1536 2981 1574 3032 a
1606 2975 1874 3032 Caesare
1903 2972 2161 3031 ferretur
2190 2979 2256 3030 se
2288 2981 2421 3032 fissi·

325 3084 431 3137 res
461 3074 874 3135 ostendebant
901 3097 914 3147 ;
964 3074 1041 3133 ad
1073 3075 1186 3133 has
1217 3080 1314 3133 res
1340 3072 1758 3133 cenficiendas
1790 3071 1905 3131 sibi
1938 3071 2125 3131 tridui
2156 3071 2420 3149 spatium

326 3178 522 3237 daret.
614 3176 794 3234 Haec
836 3174 1043 3234 omnia
1076 3176 1309 3234 Caesar
1339 3174 1558 3234 eedem
1600 3173 1705 3233 ille
1745 3171 2049 3250 pertinere
2094 3172 2422 3233 arbitraba-

326 3286 444 3351 tur,
479 3285 546 3335 ut
588 3276 776 3335 tridui
822 3284 992 3335 mora
1036 3274 1399 3352 interposita
1441 3274 1680 3351 equites
1723 3282 1933 3335 eerum
1979 3283 2085 3350 qui
2129 3273 2423 3334 abessent

326 3385 779 3437 reverterentur
808 3400 822 3450 3
867 3385 1077 3435 tamen
1110 3382 1248 3435 sese
1280 3383 1405 3435 nen
1435 3375 1678 3453 longius
1710 3375 1958 3434 milibus
1991 3393 2287 3451 passuum
2322 3393 2422 3435 1111

329 3476 683 3555 aquatienis
713 3485 901 3537 cause
929 3485 1361 3553 precesserum
1392 3483 1468 3535 ee
1499 3475 1600 3534 die
1631 3475 1784 3534 dixit
1813 3498 1826 3547 ;
1892 3475 2011 3534 huc
2040 3484 2290 3553 postere
2322 3476 2422 3536 die

329 3598 514 3655 quam
559 3576 1046 3656 frequentissimi
1098 3585 1516 3646 convenirent,
1572 3584 1639 3634 ut
1691 3573 1769 3633 de
1827 3582 2038 3635 eerum
2090 3577 2422 3654 postulatis

2458 1511 2519 1548 10

2457 2011 2518 2066 15

2459 2691 2523 2727 20

2460 3190 2521 3243 ²5

328 3686 754 3756 cegnesceret.
846 3676 1100 3737 Interim
1132 3675 1212 3734 ad
1242 3675 1589 3752 praefectes
1607 3670 1630 3706 ⁸
1660 3682 1929 3750 quicum
1953 3684 2121 3734 omni
2145 3676 2422 3752 equitatu
2458 3692 2520 3743 30

395 3810 478 3869 Cf.
503 3808 524 3844 1
543 3810 776 3883 ingenti,
801 3826 852 3881 p.
875 3824 952 3882 33,
970 3810 1003 3858 1.
1027 3823 1106 3864 21·
1121 3806 1224 3845 —2
1241 3807 1587 3878 antecedunt,
1609 3806 1689 3870 78,
1718 3821 1795 3856 22.
1811 3805 1914 3843 —8
1929 3805 2252 3878 praefectes,
2271 3821 2353 3877 92,
2373 3807 2420 3862 6.
