2819 4297
280 257 338 306 Β.
359 256 575 306 G.V11.
602 254 706 320 13.]
756 242 1178 327 Uprzlcingqf
1206 243 1395 308 Gaul
1420 244 1637 307 under
1672 244 2163 329 Vercingetorix.
2251 262 2372 331 193

281 444 524 498 ratores
549 435 829 496 nuntiata
850 437 1083 496 Caesar
1100 435 1393 513 legioneS,
1419 444 1574 513 quas
1598 436 1919 513 expeditas
1939 455 2077 497 esse
2095 436 2375 511 iusserat,

279 547 480 614 portis
500 533 817 608 incensis‚¹
836 535 1189 595 intromittit
1213 546 1399 613 atque
1424 536 1656 613 oppido
1678 544 1928 613 potitur,
1955 545 2278 614 perpaucis
2302 556 2389 596 ex-

280 637 555 697 hostium
577 643 830 697 numero
849 636 1216 696 desideratis
1238 645 1384 712 quin
1412 644 1616 695 ciincti
1636 646 2021 714 caperentur,
2045 636 2212 713 quod
2230 656 2376 714 pon-

280 738 360 798 tis
387 747 576 814 atque
601 736 887 796 itinerum
910 734 1231 814 angustiae
1254 736 1626 795 multitudini
1642 737 1851 814 fugam
1870 732 2381 807 intercliiserant.²

282 836 603 915 Oppidum
648 836 856 914 diripit
899 845 1083 912 atque
1129 835 1424 908 incendit,
1471 836 1766 913 praedam
1810 836 2106 918 militibus
2150 836 2377 911 donat3

283 937 617 997 exercitum
646 936 911 1015 Ligerim
944 934 1209 995 tradocit
1239 944 1427 1011 atque
1460 934 1520 993 in
1550 936 1886 1014 Biturigum
1908 937 2056 996 finis
2076 937 2375 1013 pervenit.

388 1118 741 1160 Noviodunum
771 1118 1080 1167 Suri-endem,
1110 1117 1200 1159 but
1233 1118 1318 1159 the
1345 1117 1676 1166 Inhabitants‚
1706 1117 1885 1170 Seeing
1910 1118 2279 1171 Vercingetorix

848 1184 1212 1236 Approaching,
1242 1185 1453 1236 Prepare
1479 1184 1556 1225 for
1581 1184 1808 1225 Defense.

367 1312 465 1362 12.
521 1302 990 1382 Vercingetorix
1011 1301 1116 1362 ubi
1136 1302 1214 1361 de
1231 1302 1517 1363 Caesaris
1532 1302 1802 1363 adventii
1818 1302 2125 1381 cognovit,
2148 1313 2380 1381 oppug-

281 1404 539 1465 natione
592 1404 834 1463 desistit
886 1413 1073 1479 atque
1131 1402 1377 1463 obviam
1438 1405 1693 1464 Caesari
1748 1403 2173 1480 proficiscitur.
2261 1404 2376 1463 Ille

282 1504 584 1583 oppidum
616 1503 954 1582 Biturigum
994 1502 1264 1581 positum
1306 1503 1371 1562 in
1413 1503 1514 1563 via
1551 1503 1989 1563 Noviodunum
2019 1511 2376 1581 oppugnare

283 1604 655 1664 instituerat.
747 1605 890 1678 Quo
935 1623 1012 1663 ex
1056 1603 1294 1681 oppido
1338 1622 1478 1664 cum
1523 1604 1707 1681 legati
1749 1605 1830 1663 ad
1876 1622 2017 1663 eum
2058 1603 2377 1663 venissent

283 1700 565 1765 oratum³
595 1714 659 1762 ut
690 1703 808 1762 sibi
842 1711 1193 1781 ignosceret
1223 1722 1498 1781 suaeque
1527 1711 1692 1763 vitae
1721 1698 2115 1776 consuleret‚⁴
2135 1712 2203 1762 ut
2224 1703 2378 1762 cele-

285 1804 467 1864 ritate
499 1804 764 1881 reliquas
797 1811 896 1864 res
927 1804 1259 1863 conficeret
1307 1811 1430 1880 qua
1468 1803 1761 1880 pleraque
1804 1812 1934 1862 erat
1962 1799 2379 1875 consecutu5,¹⁵

288 1924 459 1964 arma
504 1905 787 1977 conferri,
850 1910 1045 1980 equos
1097 1904 1373 1979 prodoci,
1422 1901 1674 1962 obsides
1723 1902 1858 1961 dari
1918 1902 2107 1963 iubet.
2196 1905 2376 1962 Parte

286 2005 408 2063 iam
453 2003 741 2063 obsidum
786 2003 1026 2073 tradita,
1075 2021 1214 2062 cum
1259 2002 1494 2078 reliqua
1537 2001 2125 2074 administrarentur,
2171 2011 2379 2062 centu-

284 2104 565 2165 rionibus
588 2112 650 2163 et
681 2111 894 2179 paucis
923 2101 1221 2162 militibus
1252 2100 1623 2161 intromissis
1655 2110 1761 2179 qui
1786 2120 1954 2161 arma
1983 2101 2376 2179 iumentaque

283 2201 766 2281 conquirerent,⁶
793 2203 1104 2280 equitatus
1134 2202 1406 2262 hostium
1437 2202 1649 2279 procul
1679 2210 1850 2261 visus
1882 2212 1994 2276 est,
2027 2211 2133 2279 qui
2157 2221 2376 2279 agmen

283 2303 809 2382 Vercingetorigis
840 2312 1278 2362 antecesserat.
1369 2303 1571 2376 Quem
1618 2298 1834 2361 ⁷simul
1865 2311 2049 2379 atque
2081 2302 2378 2380 oppidani

284 2410 741 2482 conspexerunt
772 2414 956 2480 atque
986 2403 1046 2461 in
1075 2421 1248 2480 spem
1280 2402 1467 2461 auxili
1499 2380 1814 2477 venerunt,
1840 2403 2106 2462 clamore
2133 2403 2376 2462 sublato

285 2524 457 2564 arma
498 2513 755 2581 capere,
781 2511 992 2581 portas
1036 2503 1340 2577 claudere,
1387 2512 1624 2562 morum
1668 2503 1977 2581 complere
2018 2510 2371 2581 coeperunt.

287 2602 699 2664 Centuriones
728 2602 792 2662 in
822 2603 1073 2680 oppido,
1107 2622 1245 2662 cum
1277 2622 1354 2662 ex
1397 2602 1849 2680 significatione
1882 2603 2200 2663 Gallorum
2231 2613 2376 2663 novi

286 2703 521 2780 aliquid
572 2703 650 2762 ab
694 2703 793 2762 his
836 2702 977 2761 iniri
1028 2703 1251 2762 consili
1295 2702 1763 2777 intellexissent,
1801 2702 2023 2781 gladiis
2067 2703 2376 2763 destrictis

284 2811 496 2881 portas
536 2810 993 2881 occupaverunt
1039 2810 1311 2880 suosque
1354 2811 1558 2862 omnis
1601 2800 1967 2863 incolumis⁸
1996 2809 2373 2882 receperunt.

502 3001 668 3044 Caesar
693 3002 851 3044 Tabes
878 3000 1230 3043 Noviodunum
1258 3001 1354 3043 and
1384 3001 1615 3043 Marones
1641 3002 1864 3043 towards
1888 3002 2167 3043 Avaricum.

368 3128 464 3178 13.
526 3122 758 3181 Caesar
788 3139 863 3178 ex
893 3127 1112 3179 castris
1149 3118 1490 3196 equitatum
1522 3120 1701 3178 edaci
1732 3119 1919 3193 iubet,
1951 3120 2375 3197 proeliumque

285 3229 575 3297 equestre
606 3219 966 3292 committit3
1014 3219 1441 3279 laborantibus
1464 3218 1585 3277 iam
1613 3227 1741 3278 suis
1766 3221 2113 3279 Germanos
2135 3220 2374 3298 equites

284 3317 527 3379 circiter
556 3336 712 3379 cccc
742 3315 1093 3391 submittit,⁹
1121 3325 1278 3395 quos
1309 3315 1354 3349 ¹⁰
1370 3318 1449 3378 ab
1495 3317 1669 3378 initio
1710 3326 1918 3378 secum
1949 3320 2176 3379 habere
2206 3320 2375 3380 insti·

283 3427 505 3479 tuerat.
615 3421 843 3478 Eorum
900 3419 1195 3496 impetum
1256 3418 1423 3479 Galli
1480 3418 1781 3478 sustinere
1825 3427 1965 3479 non
2022 3427 2368 3497 potuerunt,

351 3584 436 3636 Cf.
460 3582 483 3618 ¹
500 3585 729 3638 exiistis.
740 3613 809 3622 —
820 3582 844 3617 ²
861 3584 1241 3650 impedierant.
1258 3614 1324 3621 —
1340 3583 1363 3618 ⁸
1379 3587 1807 3637 obsecratum.—
1817 3584 1841 3619 ⁴
1859 3587 2117 3650 parceret.
2133 3615 2196 3622 —
2210 3584 2234 3619 ⁵
2252 3588 2376 3638 con-

282 3668 505 3720 fecerat.
524 3667 627 3705 —0
651 3669 988 3734 quaererent.
1004 3696 1072 3705 —
1087 3666 1109 3700 ⁷
1133 3669 1198 3720 ut
1220 3668 1405 3719 semel.
1423 3695 1491 3704 —
1504 3667 1525 3700 ⁸
1548 3669 1716 3720 totos.
1733 3697 1797 3705 —-
1811 3666 1834 3701 ⁹
1857 3667 2061 3720 auxilio
2095 3668 2376 3722 mittit.—

281 3750 324 3784 10
349 3752 544 3818 Pfimf„
853 3754 861 3761 ·

2449 863 2476 914 5

2415 1625 2477 1660 10

2417 2124 2476 2176 15

2414 2625 2476 2659 20
