2819 4297
317 312 375 359 B.
403 312 468 360 G.
494 312 557 359 V.
583 311 656 377 4·]
826 302 1082 366 Second
1120 302 1440 365 Invasion
1487 303 1569 382 os
1601 301 1893 364 Britain.
2281 318 2306 363 1
2326 317 2408 383 19

315 501 508 550 ventu
553 492 866 568 cegnitum
915 502 1027 565 est,
1078 493 1157 551 ad
1205 511 1343 550 eum
1395 493 1594 564 venit;
1651 499 1717 550 se
1771 499 2041 568 suesque
2092 499 2295 550 omnis
2341 491 2407 550 in

314 590 520 651 officie
550 592 788 651 futures
819 611 1021 668 neque
1053 592 1132 650 ab
1171 590 1439 650 amicitia
1482 591 1695 667 populi
1742 593 2009 650 Remani
2053 591 2406 650 defectures

316 691 742 764 cenfirmavit3
792 710 1073 768 quaeque
1104 690 1168 749 in
1197 694 1481 750 Treveris
1517 701 1872 768 gererentur
1891 688 1913 723 ¹
1941 691 2230 750 ostendit.
2320 693 2406 752 At

319 791 781 850 Indutiomarus
827 791 1166 868 equitatum
1217 790 1686 866 peditatumque
1737 799 1976 868 cegere,
2031 801 2245 868 eisque
2297 801 2404 870 qui

316 909 428 966 per
459 900 723 951 aetatem
753 888 776 922 ²
794 891 856 949 in
890 900 1076 950 armis
1106 909 1246 950 esse
1278 898 1401 950 nen
1446 900 1731 966 poterant
1773 890 1836 949 in
1883 891 2097 950 silvam
2128 893 2405 952 Arduen-

317 1010 460 1049 nam
492 991 738 1065 abditis,
767 1010 926 1068 quae
957 991 1194 1068 ingenti
1224 990 1647 1067 magnitudine
1678 1010 1788 1066 per
1817 991 2057 1051 medies
2085 993 2228 1051 finis
2259 994 2404 1053 Tre-

315 1099 599 1151 veterum
643 1100 680 1151 a
723 1092 973 1151 flumine
1030 1092 1254 1151 Rhene
1307 1092 1386 1150 ad
1439 1090 1679 1149 initium
1733 1093 2065 1151 Remerum
2118 1093 2399 1169 pertinet,

313 1191 545 1250 bellum
574 1201 790 1268 parare
813 1191 1095 1252 instituit.
1186 1192 1309 1251 Sed
1332 1200 1736 1268 posteaquam
1763 1199 1888 1251 nun
1914 1192 2064 1251 nulli
2092 1194 2402 1269 principes

316 1311 392 1351 ex
422 1301 496 1351 ea
524 1292 772 1352 civitate
804 1301 866 1352 et
896 1293 1263 1352 aucteritate
1296 1291 1711 1368 Cingetorigis
1758 1291 2010 1350 adducti
2040 1301 2103 1350 et
2134 1293 2402 1352 adventu

316 1401 509 1451 nostri
551 1392 853 1452 exercitus
897 1392 1206 1470 perterriti
1243 1392 1324 1451 ad
1369 1395 1702 1452 Caesarem
1730 1399 2030 1451 venerunt
2071 1401 2134 1452 et
2162 1393 2241 1452 de
2272 1402 2400 1452 suis

226 1544 230 1546 ,
314 1500 571 1568 privatis
627 1493 810 1553 rebus
866 1495 945 1553 ab
1004 1501 1079 1553 ee
1136 1503 1346 1570 petere
1403 1500 1759 1568 coeperunt,
1818 1492 2109 1568 quoniam
2167 1494 2400 1553 civitati

314 1594 636 1653 censulere
680 1601 804 1653 nen
850 1604 1140 1671 possent3
1186 1586 1537 1652 veritusne
1583 1594 1660 1652 ab
1700 1593 1987 1652 omnibus
2017 1594 2401 1653 desereretur

316 1693 776 1753 Indutiomarus
821 1693 1058 1772 legates
1089 1693 1170 1752 ad
1209 1696 1541 1753 Caesarem
1571 1692 1793 1752 mittit:
1843 1701 1857 1727 ‘
1878 1695 2027 1753 Sese
2057 1693 2289 1753 idcirce
2319 1696 2398 1754 ab

315 1803 445 1853 suis
488 1793 808 1854 discedere
852 1804 1038 1871 atque
1084 1793 1165 1852 ad
1209 1812 1349 1851 eum
1391 1802 1600 1853 venire
1654 1793 1945 1865 nemisse,
1994 1802 2118 1870 que
2156 1795 2400 1854 facilius

311 1993 492 2070 plebs
532 2005 782 2071 propter
812 1994 1285 2072 imprudentiam
1325 1992 1631 2052 laberetur
1659 1990 1710 2065 ;8
1754 1992 1961 2069 itaque
1992 1993 2304 2053 civitatem
2336 1995 2397 2054 in

312 2102 429 2155 sua
469 2103 777 2172 potestate
821 2114 960 2156 esse
1004 2102 1213 2172 seque,
1249 2102 1302 2153 si
1334 2095 1569 2154 Caesar
1599 2092 1998 2170 permitteret,
2033 2095 2112 2154 ad
2152 2113 2293 2154 eum
2334 2094 2405 2155 in'

310 2206 518 2254 castra
546 2206 866 2256 venturum
907 2205 968 2255 et
1009 2204 1153 2255 suas
1199 2194 1588 2271 civitatisque
1618 2195 1899 2253 fortunas
1929 2194 2061 2254 eius
2091 2195 2239 2254 fidei
2268 2215 2398 2273 per·

311 2296 678 2356 missurum.'

704 2462 782 2504 He
810 2462 990 2505 settles
1017 2462 1101 2503 the
1130 2462 1333 2514 Dispute
1359 2462 1409 2502 in
1441 2462 1603 2503 Favor
1630 2461 1682 2503 of
1708 2460 2006 2513 Cingetorix.

393 2590 449 2638 4.
511 2583 743 2642 Caesar
787 2590 903 2641 etsi
950 2579 1379 2658 intellegebat4
1411 2590 1532 2657 qua
1576 2580 1655 2639 de
1696 2589 1882 2640 causa
1929 2599 2003 2639 ea
2049 2580 2399 2641 dicerentur

309 2700 595 2758 quaeque
647 2702 786 2741 eum
840 2689 936 2740 res
984 2683 1061 2741 ab
1116 2679 1438 2741 institutu⁵
1466 2681 1728 2741 censilie
1772 2681 2121 2753 deterreret,
2169 2691 2392 2755 tamen,

309 2790 389 2842 ne
422 2791 719 2842 aestatem
749 2782 813 2840 in
843 2784 1132 2841 Treveris
1161 2789 1521 2841 censumere
1546 2788 1866 2858 cegeretur
1894 2781 2183 2840 omnibus
2212 2781 2396 2841 rebus

308 2882 391 2941 ad
445 2882 864 2941 Britannicum
916 2882 1145 2941 bellum
1197 2890 1586 2958 comparatIS,
1647 2881 2132 2941 Indutiomarum
2191 2882 2269 2940 ad
2330 2890 2396 2941 se

307 3002 452 3042 cum
496 3000 572 3042 cc
614 2982 937 3042 obsidibus
977 2990 1185 3041 venire
1232 2981 1426 3041 iussit.
1519 2983 1641 3040 His
1686 2982 1986 3053 adductis,
2022 2982 2085 3040 in
2129 2990 2220 3041 eis
2262 2982 2396 3042 filie

309 3081 800 3160 propinquisque
846 3083 978 3140 eius
1029 3081 1333 3153 omnibuS,
1386 3088 1544 3157 ques
1598 3080 1958 3140 neminatim
2011 3087 2391 3154 evocaverat,

308 3182 667 3243 censelatus
728 3182 1216 3241 Indutiomarum
1275 3182 1682 3257 hortatusque
1752 3192 1846 3241 est
1915 3190 2004 3240 uti
2064 3181 2125 3240 in
2191 3184 2394 3242 officie

309 3290 614 3356 maneret3
661 3281 856 3342 nihile
902 3292 1107 3341 tamen
1155 3276 1397 3340 secius⁶
1441 3281 1822 3357 principibus
1867 3283 2271 3346 Trevererum
2315 3284 2395 3343 ad

306 3390 376 3443 se
408 3391 768 3443 convocatis
804 3384 922 3442 hes
954 3378 1351 3458 singillatim⁷
1382 3381 1766 3459 Cingetorigi
1797 3383 2181 3456 conciliavit3
2227 3385 2395 3461 quod

305 3503 450 3543 cum
480 3484 699 3544 merite
729 3483 861 3542 eius
892 3491 929 3542 a
961 3489 1026 3541 se
1057 3482 1189 3541 fieri
1226 3480 1641 3557 intellegebat,
1675 3492 1803 3540 tum
1848 3492 2054 3559 magni
2097 3483 2395 3544 interesse

306 3584 724 3644 arbitrabatur
767 3583 901 3642 eius
949 3581 1376 3641 aucteritatem
1425 3580 1586 3638 inter
1634 3589 1780 3640 sues
1833 3602 2016 3658 quam
2068 3584 2394 3660 plurimum

391 3734 477 3784 Cf.
515 3732 536 3767 1
559 3735 862 3799 agerentur.
888 3761 955 3769 —
976 3730 1000 3764 ²
1021 3744 1173 3783 arma
1214 3729 1370 3782 ferre.
1399 3757 1467 3765 —
1489 3727 1511 3761 ⁸
1533 3728 1797 3782 deficeret.
1823 3759 1890 3767 —
1911 3730 1932 3763 4
1955 3733 2304 3798 percipiebat.
2330 3762 2399 3770 —-

303 3817 326 3851 ⁵
351 3819 588 3884 inceptu.
605 3816 705 3854 —0
728 3816 930 3867 minus.
946 3813 1047 3851 -7
1072 3815 1335 3879 singulus.

2443 1413 2502 1447 10

2442 1913 2500 1963 15

2437 2606 2497 2640 20

2436 3106 2496 3157 25

2433 3608 2496 3658 30
