2819 4297
605 275 729 338 116
1338 275 1470 338 Tlte
1523 275 1740 339 Gallie
1783 276 1950 341 War.
2457 286 2652 353 [CAESA

596 469 754 528 Cum
782 467 872 528 illi
901 469 1051 528 orbe
1093 469 1261 528 facte
1313 476 1454 528 sese
1482 469 1907 543 defenderent,
1940 469 2218 530 celeriter
2245 470 2325 529 ad
2355 470 2656 531 clemeren

593 567 912 628 hominum
960 568 1201 627 circiter
1248 568 1417 627 milia
1462 587 1526 628 v1
1575 577 2014 629 convenerunt.
2105 570 2246 644 Qua
2292 577 2356 628 re
2401 570 2656 629 nuntiat

597 668 828 727 Caesar
884 687 1130 728 omnem
1203 688 1278 728 ex
1335 678 1556 728 castris
1615 669 1953 746 equitatum
2013 678 2139 728 suis
2211 669 2436 729 auxilie
2497 669 2656 728 misit

596 768 855 827 Interim
885 777 1082 844 nostri
1111 768 1337 828 milites
1385 769 1679 846 impetum
1728 769 1998 829 hostium
2047 770 2468 828 sustinuerunt
2498 779 2651 846 atqu

534 867 858 944 §amplius
908 868 1077 928 heris
1128 887 1228 928 1111
1286 869 1620 929 fortissime
1677 877 2118 947 pugnaverunt,
2168 879 2230 929 et
2286 878 2502 946 paucis
2561 872 2656 930 vo]

594 967 845 1027 neribus
875 977 1149 1045 acceptis
1180 971 1526 1046 complures
1574 988 1650 1028 ex
1695 971 1792 1028 his
1822 969 2192 1030 occiderunt.
2283 972 2508 1030 Postea
2538 979 2658 1029 ver<

595 1087 777 1144 quam
809 1069 1121 1145 equitatus
1165 1078 1374 1128 noster
1403 1069 1468 1127 in
1510 1077 1912 1146 censpectum
1942 1070 2125 1141 venit,
2160 1070 2372 1129 hostes
2422 1068 2652 1128 abiecti

594 1176 777 1226 armis
849 1177 1022 1246 terga
1093 1175 1406 1257 verterunt
1476 1178 1858 1246 magnusque
1932 1176 2139 1228 eerum
2226 1188 2515 1228 numerus
2589 1189 2658 1227 es

593 1286 854 1328 occisus,

843 1432 950 1475 The
977 1435 1258 1477 Rebellione
1286 1437 1465 1478 Morini
1494 1437 1735 1478 Subdued.
1790 1436 2161 1488 Thanksgiving
2187 1441 2240 1477 at
2266 1437 2435 1476 Rome.

500 1583 557 1617 10
677 1559 772 1610 38.
834 1554 1065 1612 Caesar
1110 1563 1358 1630 postere
1405 1555 1506 1614 die
1555 1557 1625 1615 T.
1677 1557 2015 1614 Labienum
2068 1555 2332 1632 legatum
2391 1574 2529 1613 cum
2589 1565 2658 1615 ei:

593 1651 941 1729 legienibus
972 1662 1126 1729 ques
1158 1673 1233 1712 ex
1283 1654 1599 1714 Britannia
1646 1655 1968 1714 reduxerat
2015 1655 2079 1712 in
2122 1655 2417 1727 Morines,
2453 1664 2560 1731 qui
2593 1675 2658 1714 re

593 1753 923 1812 bellienem
951 1753 1246 1826 fecerant,
1279 1754 1463 1813 misit.
1554 1754 1678 1828 Qui
1725 1773 1864 1812 cum
1910 1764 2162 1831 propter
2190 1753 2484 1813 siccitatis
2513 1757 2659 1832 palu

592 1852 739 1911 dum
765 1859 888 1929 que
920 1858 986 1910 se
1016 1852 1359 1929 reciperent
1389 1861 1514 1912 nen
1547 1855 1851 1913 haberent
1877 1855 2029 1934 (que
2053 1853 2334 1931 perfugie
2366 1855 2658 1931 superien

594 1960 757 2012 anne
788 1962 963 2011 erant
993 1953 1133 2032 usi),
1169 1960 1384 2012 omnes
1414 1955 1544 2012 fere
1575 1955 1637 2013 in
1669 1963 2039 2031 potestatem
2085 1955 2346 2013 Labieni
2391 1962 2659 2031 pervene

498 2082 554 2134 15
593 2063 749 2113 runt.
838 2055 923 2112 At
953 2052 1029 2126 Q.
1062 2054 1335 2112 Titurius
1367 2064 1430 2113 et
1461 2056 1529 2113 L.
1564 2057 1750 2114 Cotta
1779 2055 1980 2130 legati,
2015 2062 2122 2131 qui
2152 2053 2214 2112 in
2250 2055 2658 2131 Menapierun

590 2154 738 2213 finis
782 2153 1058 2231 legienes
1105 2156 1422 2228 duxerant,
1456 2155 1743 2215 omnibus
1787 2164 1996 2215 eerum
2044 2165 2205 2233 agris
2251 2164 2525 2229 vastatiS,
2562 2158 2660 2217 fru

592 2263 815 2314 mentis
859 2263 1133 2329 succisiS,
1168 2254 1469 2314 aedificiis
1515 2255 1803 2329 incensis,
1839 2256 2009 2332 quod
2056 2256 2336 2331 Menapii
2367 2263 2433 2315 se
2464 2266 2660 2317 omne:

593 2354 654 2412 in
701 2353 1101 2413 densissimas
1150 2354 1337 2414 silvas
1386 2355 1769 2430 abdiderant,
1824 2363 1891 2415 se
1939 2356 2019 2415 ad
2066 2359 2394 2416 Caesarem
2439 2365 2660 2435 recepe

592 2463 749 2514 runt.
826 2456 1056 2513 Caesar
1086 2454 1146 2512 in
1184 2455 1387 2531 Belgis
1418 2456 1692 2514 omnium
1722 2457 2031 2534 legienum
2062 2457 2322 2516 hiberna
2345 2458 2662 2519 Censtituit

494 2585 556 2619 20
596 2557 685 2613 Ee
731 2553 890 2613 duae
941 2561 1195 2614 omnine
1246 2554 1527 2614 civitates
1576 2575 1652 2615 ex
1701 2557 2018 2616 Britannia
2066 2557 2317 2616 obsides
2362 2564 2660 2619 miserunt

591 2654 859 2729 reliquae
905 2654 1321 2731 neglexerunt.
1415 2658 1535 2715 His
1574 2657 1759 2715 rebus
1796 2665 1986 2733 gestis
2019 2676 2094 2715 ex
2127 2656 2345 2715 litteris
2391 2658 2660 2717 Caesari:

591 2754 828 2813 dierum
858 2771 951 2813 xx
981 2754 1351 2831 supplicetis)
1382 2764 1420 2815 Ξι
1451 2765 1671 2815 senatu
1703 2758 1950 2816 decreta
1983 2766 2092 2815 est.

1337 3667 1440 3709 Fre.
1461 3671 1523 3717 ⁶⁴·
1539 3688 1591 3695 -——
1605 3667 1785 3708 GAuac
1811 3669 1939 3710 Com.
