2819 4297
302 312 360 361 Β.
385 312 450 361 G.
478 312 521 359 1.
545 311 647 376 42]
794 297 1161 384 Campazjgn
1192 300 1465 383 against
1494 299 1555 363 A
1564 299 1900 363 n'ovz'stus.
2305 313 2392 381 37

302 492 561 551 militum
591 500 647 551 ei
682 491 912 569 gratias
932 489 953 524 ¹
982 492 1122 568 egit,
1159 490 1326 568 quod
1358 492 1436 550 de
1468 498 1534 550 se
1565 492 1862 568 optimum
1893 490 2187 550 iudicium
2215 489 2391 549 facis-

300 603 414 665 set,
456 599 646 669 saque
694 610 833 651 esse
885 593 966 651 ad
1015 591 1244 651 bellum
1287 592 1623 669 gerendum
1672 591 2123 668 paratissimam
2173 590 2392 650 confir·-

301 693 506 752 mavit.
598 692 844 751 Deinde
896 692 1167 770 reliquae
1219 692 1496 769 legit->nes
1539 711 1680 752 cum
1725 692 1986 751 tribfinis
2027 691 2285 750 militum
2330 702 2391 751 et

302 800 638 871 primorum
667 793 952 854 6rdinum
996 792 1463 852 centurionibus
1508 799 1766 870 egerunt
1805 800 1894 852 uti
1936 794 2189 852 Caesari
2219 792 2392 851 satis-

302 895 581 953 facerent
611 890 665 952 :²
700 895 817 953 ‘Se
865 911 1066 968 neque
1109 911 1401 969 umquam
1461 893 1781 952 dubitasse
1840 911 2040 968 neque
2113 893 2390 952 timuisse

303 1012 506 1071 neque
537 993 615 1051 da
646 1001 885 1052 summa
914 993 1062 1053 belli
1106 1012 1282 1052 suum
1326 993 1635 1066 iudicium,
1668 993 1780 1051 sed
1824 993 2207 1069 imperatoris
2252 1012 2391 1053 esse

302 1092 797 1154 existimavisse!
862 1094 1087 1153 Eorum
1134 1093 1562 1153 satisfactione
1607 1101 1864 1169 accepta
1913 1104 1976 1152 et
2025 1093 2242 1153 itinere
2291 1113 2388 1154 ex·

303 1200 533 1271 quisito
578 1213 687 1270 per
732 1193 1132 1265 Diviciacum,
1181 1194 1349 1269 quod
1392 1213 1470 1252 ex
1513 1193 1651 1252 aliis
1691 1201 1750 1252 ei
1800 1194 2127 1252 maximam
2170 1192 2393 1253 fidem³

303 1293 588 1367 hababat,
613 1302 678 1352 ut
709 1293 942 1351 milium
973 1292 1238 1369 amplius
1271 1293 1725 1370 quinquaginta
1754 1294 2012 1353 circuita
2040 1294 2194 1353 locis
2225 1313 2391 1370 aper-

303 1403 385 1454 tis
415 1394 750 1454 exercitum
781 1394 1052 1467 daceret,
1085 1393 1163 1452 da
1195 1402 1415 1470 quarta
1444 1394 1668 1471 vigilia,
1697 1403 1764 1452 ut
1793 1394 2045 1467 dixerat,
2079 1396 2391 1471 profectus

304 1504 416 1555 est.
506 1494 782 1571 Septima
808 1494 925 1567 dia,
959 1513 1099 1554 cum
1136 1494 1252 1554 iter
1296 1501 1422 1553 n6n
1468 1494 1912 1567 intermitteret,
1947 1496 2026 1554 ab
2056 1495 2395 1572 explorato-

302 1594 475 1654 ribus
512 1594 735 1654 certior
776 1594 978 1654 factus
1015 1604 1109 1653 est
1144 1594 1443 1653 Ariovisti
1476 1595 1691 1671 copias
1719 1604 1756 1654 a
1789 1603 2015 1654 nostris
2047 1595 2216 1653 milia
2258 1614 2390 1672 pas-

304 1713 483 1754 suum
514 1704 806 1772 quattuor
836 1704 898 1753 et
927 1695 1143 1771 viginti
1174 1695 1415 1754 abesse.

570 1861 847 1902 Ariovistus
876 1861 1119 1911 Requests
1146 1872 1209 1901 an
1238 1861 1520 1902 Interview.
1573 1861 1781 1902 Cesar'·
1809 1861 2141 1903 Precnutiono.

387 2004 481 2054 42.
542 1997 812 2075 Cognito
843 1995 1134 2058 Caesaris
1167 1996 1437 2055 adventii
1485 1995 1829 2055 Ariovistus
1868 1995 2105 2073 lagatbs
2141 1998 2220 2056 ad
2253 2016 2394 2057 eum

304 2097 530 2159 mittit:
568 2100 789 2175 ‘Quod
819 2106 1005 2158 antea
1056 2098 1135 2157 da
1186 2096 1561 2175 conloquio⁴
1612 2096 2005 2174 postulasset,
2054 2097 2118 2156 id
2166 2116 2275 2174 per
2326 2106 2392 2159 se

305 2199 437 2259 fieri
468 2199 669 2273 licare,
705 2199 995 2275 quoniam
1027 2198 1281 2275 propius
1312 2198 1700 2271 accessisset,
1732 2204 1924 2274 saque
1965 2197 2028 2255 id
2069 2198 2201 2257 sine
2243 2207 2394 2275 peri-

303 2299 445 2360 culo
492 2300 699 2359 facere
759 2318 942 2377 posse
1001 2299 1420 2359 existimaret.'
1496 2300 1554 2357 N
1559 2305 1639 2357 on
1691 2297 1925 2374 respuit
1966 2298 2394 2358 condicionem

306 2402 554 2473 Caesar,
589 2400 833 2477 iamque
873 2418 1014 2460 eum
1053 2400 1131 2458 ad
1169 2398 1496 2458 sanitatem
1539 2406 1758 2458 reverti
1794 2398 2220 2472 arbitrabatur,
2254 2419 2393 2459 cum

304 2500 370 2559 id
413 2500 580 2576 quod
621 2509 805 2559 antea
850 2497 1120 2576 petenti⁵
1163 2499 1535 2575 denegasset
1572 2499 1730 2557 ultro
1768 2498 2183 2575 pollicaratur3
2231 2509 2395 2578 mag-

304 2619 569 2676 namque
602 2599 664 2658 in
696 2619 869 2677 spem
901 2599 1205 2672 veniebat,
1241 2606 1353 2676 pro
1385 2607 1514 2658 suis
1545 2607 1736 2657 tantis
1765 2599 2100 2676 populique
2126 2601 2394 2660 Ramani

302 2700 368 2759 in
398 2718 537 2759 eum
569 2700 904 2771 beneficiIS,
931 2699 1199 2777 cognitis
1231 2707 1358 2758 suis
1390 2694 1762 2775 postulat15,⁶
1782 2699 1915 2758 fore
1938 2707 2028 2758 uti
2056 2699 2395 2776 pertinacia

302 2800 647 2860 dasisteret.

391 2901 541 2960 Dias
582 2901 916 2978 conloquia
969 2900 1173 2960 dictus
1224 2908 1321 2960 est
1372 2917 1451 2959 ex
1500 2907 1576 2960 εδ
1628 2900 1729 2958 die
1782 2907 2049 2975 quintus,
2141 2901 2394 2960 Interim

301 3020 491 3078 saepe
521 3021 660 3060 cum
699 3002 882 3078 legati
927 3002 1088 3061 ultro
1119 3001 1401 3078 citroque
1430 3000 1590 3059 inter
1633 3007 1742 3059 eos
1787 2999 2189 3072 mitterentur,
2226 3002 2396 3061 Ario-

301 3102 501 3161 vistus
544 3102 883 3178 postulavit
933 3109 1010 3160 ne
1056 3120 1238 3178 quem
1281 3100 1558 3178 peditem
1602 3101 1682 3159 ad
1726 3101 2122 3177 conloquium
2167 3103 2399 3161 Caesar

302 3201 663 3262 adduceret:
687 3204 929 3260 ‘Verari
951 3209 1017 3260 sa
1049 3209 1125 3260 na
1163 3221 1271 3278 per
1305 3200 1570 3259 insidias
1613 3201 1690 3259 ab
1722 3207 1798 3260 eo
1829 3200 2392 3276 circumveniretur3

303 3311 562 3377 uterque
611 3321 750 3360 cum
801 3302 1077 3378 equitatu
1111 3309 1391 3374 veniret;
1437 3300 1558 3359 alia
1605 3301 1842 3360 ratione
1895 3309 2034 3362 sase't
2084 3309 2208 3361 nan
2260 3321 2398 3362 esse

302 3401 665 3460 venturum!
762 3403 1012 3474 Caesar,
1072 3401 1239 3476 quod
1297 3420 1500 3477 neque
1566 3401 1962 3477 conloquium
2037 3402 2400 3479 interposita

302 3510 496 3561 causa
545 3497 715 3560 tolli⁷
761 3502 1010 3559 volebat
1056 3519 1258 3576 neque
1318 3500 1580 3559 salutem
1633 3519 1808 3559 suam
1862 3502 2182 3562 Gallorum
2233 3503 2398 3580 equi-

396 3649 480 3699 cf.
504 3649 523 3682 ¹
549 3650 804 3715 gratiam,
830 3665 879 3713 p.
906 3663 984 3713 31,
1010 3649 1043 3696 l.
1076 3647 1270 3696 12.—2
1290 3647 1662 3715 satisfaciant,
1690 3664 1764 3708 12,
1788 3650 1982 3699 21.—⁸
2004 3651 2186 3717 fidem,
2219 3665 2293 3714 17,
2321 3665 2396 3702 rr.

303 3760 374 3772 --
393 3732 417 3766 ⁴
439 3733 739 3798 conloquio,
777 3746 857 3797 30,
897 3745 923 3779 2
931 3744 974 3797 5.
999 3759 1068 3768 —
1086 3729 1110 3763 ⁶
1134 3733 1375 3798 petebat,
1416 3745 1496 3795 34,
1522 3746 1568 3792 4·
1593 3759 1660 3767 —
1676 3731 1698 3765 ⁶
1721 3735 2081 3802 postularent,
2118 3749 2198 3801 30,
2230 3749 2305 3797 24·
2328 3764 2398 3774 —

303 3813 328 3849 '¹
350 3816 587 3882 tolleret,
614 3829 693 3874 22,
722 3829 766 3864 2.

2433 1417 2491 1452 10

2434 2116 2492 2171 15

2432 2619 2495 2655 20

2434 3117 2495 3169 ²5
