2819 4297
251 272 308 325 Β.
330 272 398 323 G.
420 271 549 321 V11.
570 270 673 337 28.]
709 259 1029 344 Uprisz‘ng
1053 261 1137 342 of
1161 258 1347 323 Gaul
1372 260 1587 323 under
1624 257 2121 344 Vercingetorix.
2222 272 2348 340 205

253 455 402 515 dum
448 448 779 513 tardabat.¹
865 454 1124 529 Iamque
1165 452 1284 511 hec
1312 441 1520 511 'facere
1561 460 1748 511 noctu
1778 451 2180 529 adparabant,
2214 468 2354 510 cum

248 560 483 620 ,matres
513 551 788 612 familiae
818 561 1075 630 repente
1100 552 1162 610 in
1187 550 1503 629 publicum
1526 559 1962 628 procurrerunt
1989 552 2350 629 flentesque,

251 655 569 733 proiectae
602 653 684 712 ad
713 652 907 729 pedes
939 660 1208 726 suerum,
1242 651 1532 712 omnibus
1560 653 1852 730 precibus
1894 647 2245 731 petierunt²
2275 658 2353 711 ne

253 762 319 814 se
373 762 439 813 et
492 761 838 813 communis
889 752 1118 811 liberes
1161 752 1448 812 hostibus
1491 753 1571 812 ad
1620 752 1990 830 supplicium
2035 753 2350 825 dederent,

254 861 414 931 ques
447 853 529 912 ad
560 852 927 928 capiendam
957 852 1166 929 fugam
1198 861 1455 912 naturae
1488 863 1551 913 et
1577 852 1793 911 viriu‘m
1822 853 2147 912 infirmitas
2170 852 2356 929 impe-
2427 870 2452 923 5

258 955 438 1014 diret.
529 952 658 1013 Ubi
703 959 813 1012 ees
844 952 906 1010 in
939 949 1291 1012 sententia³
1331 949 1646 1028 perstare⁴
1685 953 1987 1026 viderunt,
2020 953 2188 1029 quod
2231 953 2353 1031 ple·

253 1071 518 1130 rumque
551 1052 615 1110 in
648 1059 889 1113 summe
920 1052 1195 1129 pericule
1217 1053 1398 1111 timor
1417 1050 1440 1084 ⁵
1461 1052 1941 1112 misericordiam
1965 1060 2091 1113 nen
2116 1053 2350 1130 recipit,

254 1154 646 1215 conclamare
678 1161 742 1212 et
771 1152 1120 1230 significare
1150 1153 1229 1212 de
1257 1153 1407 1230 fuga
1441 1153 1740 1211 Remanis
1770 1159 2118 1228 coeperunt.
2209 1152 2353 1226 Qus)

254 1255 477 1316 timore
507 1253 816 1329 perterriti
845 1252 1026 1325 Galli,
1061 1259 1139 1311 ne
1171 1252 1252 1311 ab
1283 1251 1558 1327 equitatu
1585 1253 2002 1311 Remanerum
2025 1251 2161 1311 viae
2184 1270 2353 1329 prae-

257 1361 729 1431 occuparentur,
763 1352 1025 1414 consilia
1054 1352 1438 1412 destiterunt.
2394 1369 2454 1406 10

983 1519 1231 1571 Storming
1261 1518 1312 1559 of
1338 1518 1424 1559 the
1451 1518 1629 1560 walls.

335 1629 441 1681 27.
505 1624 763 1682 Postere
795 1620 897 1681 die
929 1623 1162 1681 Caesar
1206 1628 1490 1696 premota
1514 1618 1538 1652 ⁶
1580 1630 1727 1680 turri
1759 1622 2130 1699 directisque
2160 1623 2353 1700 operi·

262 1723 378 1783 bus
409 1741 569 1800 quae
600 1723 803 1781 facere
823 1720 1187 1792 instituerat,
1216 1727 1441 1797 magne
1462 1723 1674 1780 cobrto
1706 1720 1902 1794 imbri,
1921 1729 2047 1781 nen
2080 1721 2351 1782 inutilem

262 1824 425 1882 hanc
457 1824 533 1881 ad
560 1822 929 1899 capiendum
948 1818 970 1853 ⁷
990 1820 1314 1880 censilium
1346 1829 1776 1897 tempestatem
1807 1820 2151 1894 arbitratus,
2186 1824 2351 1899 quod

262 1923 449 2000 paule
496 1921 802 1981 incautius
845 1921 1159 1981 custodias
1200 1920 1264 1978 in
1304 1928 1478 1980 mure
1524 1920 1859 1998 dispositas
1901 1922 2166 1996 videbat,
2208 1930 2355 1983 sues

264 2041 511 2099 quoque
539 2021 892 2100 languidius
923 2023 982 2080 in
1016 2040 1204 2098 opere
1232 2030 1465 2081 versari
1512 2021 1704 2094 iussit,
1738 2031 1801 2081 et
1831 2020 1980 2098 quid
2009 2023 2142 2081 fieri
2170 2022 2354 2082 vellet
2395 2038 2452 2091 15

263 2123 555 2186 ostendit.
645 2122 1150 2201 Legienibusque
1185 2121 1379 2202 [intra
1402 2122 1648 2203 vineas]
1675 2122 1737 2181 in
1761 2121 2006 2184 occulte
2030 2123 2350 2201 expeditiS,

263 2225 622 2286 cohortatus
653 2233 720 2282 ut
751 2223 1085 2301 aliquande
1116 2230 1231 2300 pre
1261 2232 1451 2282 tantis
1486 2223 1802 2284 laboribus
1844 2223 2144 2283 fructum⁸
2171 2224 2354 2284 victe-

263 2326 393 2385 riae
422 2325 828 2402 perciperent,
863 2333 952 2382 eis
984 2333 1087 2401 qui
1118 2332 1299 2400 primi
1319 2334 1556 2383 murum
1582 2324 2052 2384 adscendissent
2084 2324 2357 2403 praemia

266 2423 587 2503 proposuit
631 2424 1051 2500 militibusque
1096 2433 1343 2501 signum
1387 2423 1577 2484 dedit.
1667 2424 1767 2484 Illi
1812 2426 2019 2486 subite
2062 2445 2136 2485 ex
2167 2425 2355 2485 omni-

266 2527 384 2586 bus
414 2524 693 2602 partibus
723 2523 1119 2583 evolaverunt
1163 2533 1524 2600 murumque
1564 2525 1843 2585 celeriter
1878 2525 2353 2603 compleverunt.
2393 2538 2455 2576 20

401 2691 507 2733 The
532 2690 689 2732 Town
718 2690 762 2732 is
789 2690 971 2738 Taken,
1001 2691 1097 2731 and
1127 2691 1262 2731 Most
1290 2690 1342 2732 of
1367 2690 1453 2731 the
1481 2691 1792 2732 Inhabitants
1820 2703 1902 2733 are
1929 2692 2220 2734 Butchered.

353 2778 447 2852 28.
510 2795 746 2852 Hostes
791 2799 856 2852 re
900 2801 1058 2852 nova
1103 2793 1426 2869 perterriti,
1460 2800 1631 2852 mure
1676 2794 2067 2869 turribusque
2113 2794 2354 2870 deiecti,

271 2894 333 2954 in
379 2896 516 2953 fore
559 2913 633 2953 ac
677 2893 832 2953 locis
876 2890 1366 2970 patentieribus⁹
1411 2893 1717 2952 cuneatim
1762 2893 2183 2968 censtiterunt,
2238 2897 2357 2956 hec

272 2994 480 3054 anime
501 2991 547 3027 ¹⁰
592 3003 675 3067 ut,
709 3002 761 3052 si
793 3003 913 3071 qua
958 3013 1032 3054 ex
1076 3003 1251 3072 parte
1282 2993 1530 3053 obviarn
1569 2992 1836 3076 [contra]
1870 3001 2192 3068 veniretur,
2227 2995 2358 3055 acie

271 3102 569 3155 instructa
588 3094 1031 3172 depugnarent.
1080 3094 1207 3154 Ubi
1227 3093 1533 3152 neminem
1556 3093 1619 3152 in
1639 3113 1901 3170 aequum
1925 3094 2127 3154 locum
2158 3093 2202 3128 ¹¹
2220 3102 2357 3155 sese

271 3194 614 3268 demittere,
671 3195 783 3255 sed
829 3203 962 3256 tete
1020 3195 1294 3271 undique
1352 3201 1527 3254 mure
1585 3194 1994 3255 circumfundi
2049 3195 2354 3270 viderunt,
2398 3206 2458 3259 25

271 3295 451 3356 veriti
498 3303 576 3355 ne
621 3304 874 3356 omnine
909 3303 1062 3373 ‘spes
1104 3297 1290 3373 fugae
1333 3294 1665 3368 tolleretur,
1713 3295 1971 3355 abiectis
2014 3305 2199 3356 armis
2230 3296 2361 3356 ulti-

224 3416 225 3419 *
273 3392 467 3457 mas¹²
509 3396 721 3473 oppidi
765 3405 956 3473 partis
1002 3396 1345 3455 continenti
1387 3394 1620 3472 impetu
1667 3403 2050 3473 petiverunt3
2094 3416 2360 3475 parsque

357 3529 441 3578 Cf.
467 3526 489 3561 1
514 3530 843 3581 morabatur.
860 3557 923 3566 -
939 3527 962 3561 ²
986 3530 1419 3581 obsecraverunt.
1434 3527 1540 3567 -3
1565 3529 1809 3582 οόιιεὶΙίὸ.
1826 3528 1927 3566 -4
1953 3543 2356 3594 permanere.—

273 3610 294 3645 5
316 3628 437 3676 opp.
466 3610 770 3683 Δίοτῐίῒίῑᾱὸ.
795 3640 864 3649 -
886 3611 908 3644 ⁰
932 3628 1052 3676 opp.
1101 3614 1337 3665 reducta.
1363 3642 1433 3650 -
1454 3610 1475 3645 ⁷
1498 3628 1620 3677 opp.
1667 3613 2047 3665 omittendum.
2072 3642 2141 3650 —
2161 3613 2182 3646 ⁸
2212 3627 2366 3678 prae-

273 3694 462 3745 mium.
478 3722 548 3731 —
559 3692 584 3726 ⁹
605 3694 986 3758 apertioribus.
1003 3721 1071 3732 —-
1085 3692 1128 3728 ¹⁰
1153 3696 1396 3747 censilie.
1414 3723 1483 3733 —
1496 3694 1538 3728 1¹
1557 3697 1891 3748 descendere.
1905 3723 1974 3731 —
1987 3694 2031 3728 12
2046 3710 2165 3759 opp.
2185 3695 2365 3760 proxi-

271 3779 410 3832 mia.
