2819 4297
398 887 423 939 5

366 1387 423 1422 10

368 1883 423 1935 ι5

362 2390 424 2426 20

361 3105 421 3161 25

469 281 593 359 196
628 311 641 324 ·
1205 275 1338 339 lee
1390 275 1611 338 Gallie
1653 276 1820 339 War.
2321 287 2556 352 [CAESAR

459 468 834 546 spiciuntur;
882 487 1042 546 quae
1088 476 1207 528 etsi
1250 475 1476 546 megne
1519 486 1660 527 cum
1709 466 1922 528 dolere
1980 475 2197 528 omnes
2247 468 2549 540 ferebant,

460 577 667 628 tamen
697 568 816 628 hec
847 568 966 628 sibi
998 570 1189 628 selaci
1214 568 1664 645 prepenebant,
1687 568 1855 645 quod
1885 575 1953 628 se
1983 587 2176 645 prope
2200 564 2551 644 explereta¹

458 668 716 728 victerie
758 668 1040 729 celeriter
1082 668 1313 728 amissa
1362 676 1831 745 recupereteres
1875 668 2297 728 censidebant.
2387 667 2553 727 Deli-

458 765 746 827 beretur²
772 768 851 827 de
882 768 1148 829 Avarice
1179 768 1242 826 in
1272 777 1581 828 communi
1610 768 1894 842 concilie,
1906 768 2156 829 incendi
2199 770 2444 846 placeat
2472 788 2553 828 an

461 868 731 928 defendi.
822 869 1242 928 Precumbunt
1284 868 1575 928 omnibus
1617 869 1817 928 Gallis
1861 869 1939 928 ad
1983 869 2176 946 pedes
2227 868 2551 948 BiturigeS,

462 975 538 1027 ne
577 968 1048 1045 pulcherrimam
1090 987 1282 1046 prope
1320 976 1512 1029 tetius
1552 968 1792 1029 Galliae
1834 969 2064 1041 urbem,
2099 987 2256 1045 quae
2291 978 2357 1030 et
2382 988 2554 1046 prae-

460 1067 620 1129 sidie
678 1077 741 1127 et
779 1075 1142 1129 ornamento
1200 1068 1295 1140 sit
1340 1069 1591 1142 civitati,
1642 1077 1772 1128 suis
1831 1067 2115 1128 manibus
2173 1070 2554 1130 succendere

459 1176 795 1248 cegantur;
841 1167 1026 1227 facile
1086 1176 1152 1227 se
1211 1169 1330 1228 loci
1390 1176 1609 1228 nature
1667 1167 2032 1228 defenseres
2077 1169 2308 1242 dicunt,
2361 1169 2551 1246 quod,

458 1288 651 1348 prope
701 1290 778 1331 ex
825 1270 1115 1330 omnibus
1159 1269 1440 1346 partibus
1487 1268 1738 1328 flumine
1789 1278 1852 1328 et
1891 1269 2117 1346 palude
2154 1269 2552 1343 circumdata,

460 1380 650 1429 enum
692 1373 924 1433 habeat
968 1381 1031 1431 et
1072 1377 1515 1447 perangustum
1539 1364 1562 1399 ⁸
1612 1368 1862 1428 aditum.
1920 1370 2154 1427 -Datur
2195 1370 2555 1446 petentibus

459 1470 659 1544 venia,
706 1472 1109 1532 dissuadente
1152 1476 1353 1545 prime
1396 1469 1918 1546 Vercingetorige,
1965 1479 2107 1546 post
2146 1468 2551 1543 concedente,

460 1583 524 1628 et
581 1570 870 1647 precibus
927 1570 1202 1647 ipserum
1260 1579 1323 1629 et
1392 1569 1814 1629 misericordie
1871 1570 2051 1647 volgi.
2172 1569 2555 1631 Defensores

460 1669 692 1746 oppide
724 1671 931 1729 idenei
961 1669 1331 1747 deliguntur.

543 1777 641 1826 16.
700 1769 1173 1847 Vercingetorix
1217 1768 1558 1830 mineribus
1599 1771 1929 1829 Caesarem
1972 1767 2297 1829 itineribus
2340 1769 2555 1831 subse-

461 1870 681 1946 quitur,
713 1878 775 1929 et
804 1869 1008 1929 locum
1038 1878 1256 1929 castris
1286 1869 1501 1947 deligit
1530 1869 1860 1947 paludibus
1903 1869 2197 1947 silvisque
2227 1878 2551 1943 munitum,

461 1969 540 2028 ab
573 1970 836 2029 Avarice
867 1971 1048 2048 longe
1088 1969 1257 2029 milia
1290 1989 1587 2046 passuum
1628 1986 1757 2029 xvl.
1847 1970 1947 2030 Ibi
1985 1989 2096 2047 per
2124 1976 2326 2030 certes
2349 1972 2554 2047 exple-

460 2076 695 2129 reteres
725 2070 788 2128 in
820 2069 1064 2148 singula
1092 2069 1216 2130 diei
1242 2079 1525 2147 tempora
1554 2089 1713 2148 quae
1744 2070 1824 2130 ad
1848 2070 2174 2130 Avaricum
2196 2080 2554 2147 gererentur

460 2171 900 2249 cegnescebat,
932 2180 994 2231 et
1023 2171 1173 2248 quid
1207 2172 1342 2231 fieri
1379 2172 1566 2231 vellet
1603 2171 1961 2249 impetebat.
2047 2171 2268 2231 Omnis
2305 2181 2554 2233 nostres

460 2272 894 2348 pabulationes
936 2271 1574 2348 frumentatienesque
1625 2267 2040 2343 observabat,⁴
2085 2271 2547 2350 dispersesque,

460 2390 599 2430 cum
631 2371 873 2449 longius
904 2371 1256 2432 necesserie
1303 2373 1728 2449 precederent,
1764 2372 2155 2432 adoriebetur
2198 2380 2551 2450 megneque

459 2471 851 2531 incommode
882 2471 1243 2543 adficiebat3
1291 2481 1427 2544 etsi,
1461 2482 1758 2548 quantum
1789 2471 2028 2532 ratiene
2051 2471 2359 2548 previderi
2382 2482 2552 2549 pote-
2593 2485 2612 2501 ⁶

459 2580 569 2642 rat,
618 2571 695 2630 ab
740 2579 970 2630 nostris
1013 2569 1496 2645 occurrebasstturf⁵
1526 2580 1593 2631 ut
1634 2571 1889 2632 incertis
1931 2571 2312 2649 temporibus
2355 2573 2551 2633 diver·

459 2680 670 2748 sisque
689 2667 713 2703 ⁶
741 2671 1064 2731 itineribus
1094 2679 1299 2731 iretur.

607 2819 861 2871 Aithough
893 2819 1142 2872 suffering
1170 2820 1299 2861 from
1326 2820 1461 2862 Lack
1489 2819 1541 2861 of
1568 2820 1809 2871 Supplies,
1839 2820 1924 2861 the
1952 2820 2137 2862 Roman
2164 2821 2381 2864 Soldiers
2477 2869 2481 2873 ⁴

1110 2887 1353 2928 Maintain
1382 2899 1414 2927 a
1442 2886 1677 2928 Resolute
1705 2887 1870 2938 spirit.

541 2998 636 3046 17.
698 2991 932 3048 Castris
985 2988 1064 3048 ad
1115 3007 1250 3048 eam
1297 2998 1534 3065 partem
1582 2988 1796 3065 oppidi
1842 2987 2063 3065 positis
2112 2991 2342 3049 Caesar
2388 3009 2549 3067 quae

459 3089 809 3149 intermissa
844 3089 948 3169 [a]
983 3088 1231 3147 flumine
1277 3098 1340 3148 et
1381 3085 1611 3164 palude
1656 3088 1907 3160 aditum,
1942 3097 2009 3147 ut
2048 3097 2234 3165 supre
2263 3088 2548 3164 diximuS,

460 3199 785 3267 angustum
832 3189 1120 3261 habebat,
1155 3207 1439 3266 aggerem
1485 3185 1827 3265 adparere]
1869 3196 2086 3247 vinees
2131 3207 2329 3266 agere,
2364 3198 2549 3249 turris

459 3289 616 3351 dues
668 3284 1081 3350 censtituere⁸
1128 3287 1368 3365 coepit3
1429 3307 1571 3346 nam
1631 3285 2097 3348 circumvallare
2146 3286 2271 3347 loci
2330 3297 2551 3349 uetera

458 3390 840 3467 prohibebat.
931 3391 1027 3448 De
1058 3395 1121 3448 re
1152 3388 1551 3447 frumentaria
1578 3388 1763 3447 Beies
1788 3397 1975 3463 atque
2001 3388 2305 3448 Haedues
2330 3389 2548 3450 adhor-

458 3501 574 3554 teri
599 3501 724 3553 nen
749 3493 985 3553 destitit
1011 3514 1024 3551 ε
1070 3499 1328 3569 querum
1354 3488 1549 3563 alteri,
1578 3491 1745 3567 quod
1777 3488 1948 3550 nelle
1973 3491 2181 3550 studie
2203 3486 2228 3522 ⁹
2255 3492 2545 3569 agebant,

542 3626 623 3675 Cf.
644 3624 665 3658 ¹
683 3624 1020 3677 cenfirmite.
1039 3652 1105 3660 —
1119 3623 1143 3656 ²
1168 3623 1521 3674 censultetur.
1547 3651 1610 3658 —
1634 3622 1658 3655 ⁸
1680 3623 2151 3686 angustissimum.
2172 3651 2238 3659 —-
2259 3621 2283 3656 ⁴
2305 3626 2550 3688 speculi-

456 3710 633 3762 bitur.
659 3737 725 3745 —-
747 3707 770 3741 ⁶
793 3706 1173 3760 obsistebitur.
1196 3732 1265 3742 —
1284 3705 1307 3737 ⁶
1329 3705 1519 3757 variis.
1543 3733 1612 3742 —
1632 3704 1653 3738 ⁷
1675 3706 1866 3756 iacere.
1890 3733 1959 3742 —
1979 3705 2000 3738 ⁸
2022 3707 2276 3758 excitem.
2296 3734 2365 3742 -—
2379 3706 2404 3740 ⁹
2423 3723 2546 3774 opp.

455 3790 822 3856 indiligentia.
2513 3814 2516 3819 -
