2819 4297
280 292 335 340 B.
357 293 423 341 G.
449 293 544 341 Vl.
573 292 677 357 ²3·]
750 281 1005 344 Second
1030 281 1432 362 Expedition
1466 282 1602 343 into
1641 280 1986 361 Germany.
2249 293 2363 359 171

277 473 425 532 dum
472 482 706 532 certum
737 481 844 532 aut
885 473 1037 531 finis
1079 473 1270 531 habet
1312 469 1677 549 propri653¹
1720 471 1832 532 sed
1875 471 2269 548 magistratus
2298 488 2373 529 ac

275 572 592 650 principes
650 570 751 630 2in
811 580 1009 632 annos
1068 572 1348 650 singulos
1419 573 1711 650 gentibus
1775 570 2373 648 cognationibusque

274 671 615 745 hominurn,
649 681 879 749 quique
920 681 1042 732 sina
1084 673 1379 745 coierunt,
1413 682 1708 749 quantum
1762 682 1826 731 et
1856 679 1982 748 quo
2014 671 2150 730 loco
2173 679 2373 728 visum

274 781 373 832 est
420 781 552 849 agri
597 773 959 844 attribuunt,
993 783 1179 849 atque
1225 781 1393 832 anno
1437 782 1582 849 post
1624 772 1746 832 alio
1790 767 2093 831 transire³
2126 778 2372 848 cogunt.

278 865 431 932 Eius
463 881 551 932 rei
582 874 805 932 multas
851 874 1139 932 adferunt
1170 881 1419 932 causas:
1468 880 1549 932 ne
1593 871 1899 932 adsidua⁴
1927 871 2373 932 consueffidine
2446 891 2471 942 5

275 981 446 1049 capti
478 973 749 1031 studium
779 974 927 1032 belli
956 973 1213 1050 gerendi
1244 982 1373 1050 agri
1398 974 1636 1032 cultura
1666 982 2076 1044 commfltent3
2109 979 2184 1031 ne
2215 973 2373 1032 latos

273 1074 427 1131 finis
458 1070 715 1148 parare⁵
743 1073 1034 1133 studeant
1076 1073 1459 1150 potentiores
1505 1083 1688 1150 atque
1732 1073 2089 1132 humiliores
2133 1090 2373 1149 posses-

276 1172 563 1232 sionibus
609 1174 955 1250 expellant3
1002 1180 1080 1232 ne
1125 1169 1512 1232 accuratius⁶
1539 1174 1617 1232 ad
1661 1173 1890 1250 frigora
1933 1182 2119 1248 atque
2165 1181 2372 1231 aestus

275 1273 571 1332 vitandos
589 1272 947 1346 aedificent3
983 1280 1061 1332 ne
1081 1292 1204 1349 qua
1227 1273 1459 1332 oriatur
1481 1273 1780 1351 pecuniae
1804 1272 2129 1349 cupiditas,
2154 1280 2275 1348 qua
2297 1292 2374 1332 ex

282 1381 347 1432 re
379 1372 689 1432 factiones
712 1372 1261 1449 dissensionesque
1294 1382 1655 1446 nascuntur3
1704 1383 1770 1432 ut
1797 1371 1823 1424 2⁷
1846 1373 2033 1431 animi
2064 1372 2371 1448 aequitate
2414 1395 2472 1430 10

277 1474 526 1550 plebem
558 1474 936 1546 contineant,
969 1492 1110 1531 cum
1134 1483 1279 1533 suas
1298 1474 1560 1551 quisque
1584 1481 1736 1551 opes
1762 1492 1901 1533 curn
1925 1473 2372 1551 potentissimis

278 1581 536 1650 aequari
566 1573 790 1634 videat.

332 1756 482 1797 Their
509 1756 763 1798 leolation.
819 1757 952 1798 How
980 1757 1145 1798 Chiefs
1166 1768 1248 1798 are
1265 1757 1571 1808 Appointed3
1600 1757 1728 1798 their
1754 1757 1944 1798 Power.
1999 1757 2325 1810 Freebooting

707 1835 771 1865 no
799 1823 1049 1875 Disgrace.
1107 1824 1247 1864 Rites
1276 1825 1327 1865 of
1357 1824 1666 1874 Hospitality
1695 1825 1963 1865 obser-ved.

364 1967 461 2017 23.
526 1958 899 2018 Civitatibus
928 1959 1192 2018 maxima
1222 1958 1356 2018 laus
1385 1969 1481 2018 est
1514 1978 1695 2035 quam
1722 1959 2019 2019 latissime
2042 1959 2272 2019 circum
2306 1967 2373 2019 se

277 2067 542 2119 vastatis
571 2059 806 2118 finibus
838 2059 1202 2119 solitudines
1222 2055 1245 2090 ⁸
1273 2060 1518 2119 habere.
1612 2061 1756 2119 Hoc
1788 2060 2102 2136 proprium
2132 2059 2372 2119 virtutis

278 2160 655 2233 existimant,
690 2162 981 2237 expulsos
1004 2169 1167 2237 agris
1192 2160 1493 2220 finitimos
1519 2163 1754 2234 cedere,
1776 2180 1978 2238 neque
2003 2179 2373 2237 quemquam
2415 2184 2473 2236 15

277 2280 476 2338 prope
537 2268 604 2319 se
669 2261 894 2320 audere
957 2259 1368 2320 consisterez⁹
1421 2261 1601 2320 simul
1653 2262 1772 2320 hoc
1821 2269 1887 2320 se
1932 2262 2064 2319 fore
2118 2261 2373 2320 tutiores

280 2360 674 2432 arbitrantur,
737 2370 1096 2439 repentinae
1157 2361 1528 2421 incursionis
1587 2362 1803 2421 timore
1864 2362 2123 2420 sublato.
2215 2362 2373 2420 Cum

278 2462 513 2522 bellum
540 2461 757 2520 civitas
782 2472 888 2521 aut
905 2461 1160 2521 inlatum
1187 2462 1465 2521 defendit
1491 2472 1597 2521 aut
1627 2463 1827 2534 infert,
1853 2461 2244 2539 magistratus
2269 2471 2375 2538 qui

279 2571 337 2622 ei
368 2560 538 2621 bello
567 2561 860 2637 praesint,
892 2571 954 2621 et
984 2570 1145 2621 vitae
1176 2561 1471 2638 necisque
1505 2562 1774 2621 habeant
1803 2570 2190 2639 potestatem,
2230 2562 2374 2621 deli-

278 2672 528 2740 guntur.
646 2663 722 2720 In
778 2671 934 2738 pace
993 2663 1194 2721 nullus
1252 2672 1348 2722 est
1406 2662 1749 2721 communis
1806 2662 2215 2738 magistratuS,
2264 2663 2374 2721 sed
2413 2684 2472 2719 20

281 2760 598 2840 principes
629 2763 947 2839 regionum
981 2772 1163 2839 atque
1194 2769 1489 2839 pagorum
1523 2763 1680 2822 inter
1712 2770 1857 2821 suos
1877 2762 1971 2821 ius
1994 2762 2208 2821 dicunt
2237 2781 2376 2821 con·

281 2861 739 2938 troversiasque
788 2860 1138 2921 minuunt.¹⁰
1251 2862 1604 2923 Latrocinia
1657 2863 1885 2921 nullam
1935 2863 2169 2921 habent
2227 2863 2375 2922 infa-

282 2963 469 3021 miam
490 2959 530 2993 ¹¹
571 2982 728 3039 quae
776 2972 948 3022 extra
991 2964 1140 3021 finis
1184 2962 1481 3040 cuiusque
1526 2963 1791 3022 civitatis
1835 2964 2014 3036 fiunt,
2063 2972 2244 3038 atque
2302 2982 2376 3021 ea

282 3063 621 3123 iuventutis
681 3064 1064 3122 exercendae
1110 3083 1183 3122 ac
1236 3063 1513 3122 desidiae
1572 3063 1945 3122 minuendae
2003 3072 2191 3122 eausa
2246 3064 2377 3121 fieri

281 3163 662 3241 praedicant.
754 3167 958 3240 Atque
990 3163 1096 3223 ubi
1129 3164 1267 3240 quis
1300 3183 1376 3222 ex
1421 3163 1804 3241 principibus
1836 3164 1895 3221 in
1930 3149 2194 3223 concilio
2224 3164 2378 3222 dixit
2415 3183 2471 3232 25

285 3272 300 3298 ‘
325 3272 392 3324 se
426 3265 646 3323 ducem
676 3265 825 3337 fore,
859 3273 966 3340 qui
1008 3273 1184 3341 sequi
1214 3264 1406 3323 velint
1435 3265 1878 3341 profiteantur,'
1898 3299 1982 3307 —
2001 3273 2378 3341 consurgunt

283 3373 341 3424 ei
388 3373 494 3440 qui
538 3372 600 3424 et
653 3383 903 3424 causam
950 3375 1012 3423 et
1057 3365 1365 3424 hominem
1413 3365 1679 3441 probant
1725 3383 2027 3442 suumque
2086 3365 2374 3424 auxilium

283 3465 670 3540 pollicentur,
716 3474 903 3542 atque
947 3474 984 3524 a
1027 3464 1418 3524 multitudine
1463 3464 1940 3536 conlaudantur;
1987 3474 2092 3541 qui
2149 3484 2226 3525 ex
2282 3466 2378 3524 his

369 3631 455 3680 Cf.
480 3618 788 3696 sprivatos.
805 3661 873 3669 —
886 3631 910 3664 ²
932 3634 1243 3697 quotannis.
1263 3660 1332 3668 —
1347 3630 1370 3664 ⁸
1393 3631 1713 3695 dimigrire.
1733 3659 1802 3667 —
1816 3630 1838 3663 ⁴
1861 3634 2141 3697 perpetui.
2158 3661 2226 3669 —
2240 3630 2263 3665 ⁶
2285 3635 2372 3685 ad-

285 3716 514 3780 quirere.
533 3741 597 3752 -—
614 3717 637 3751 ⁸
655 3717 1000 3781 diligentius.
1019 3745 1086 3752 —-
1101 3716 1120 3749 ⁷
1145 3718 1317 3780 aequo
1340 3715 1543 3766 animo.
1562 3741 1631 3749 —
1646 3713 1668 3747 ⁸
1690 3715 1807 3766 loca
1831 3716 2062 3769 diserta.
2081 3745 2150 3755 —
2163 3716 2187 3750 ⁹
2207 3718 2382 3771 conni-

285 3800 428 3851 dere.
444 3797 566 3835 —20
589 3802 932 3867 componunt·
950 3798 1076 3837 —11
1099 3798 1480 3865 ignominiam.
