2819 4297
345 284 628 335 B.G.V11.
650 284 751 349 70·]
786 273 1106 358 Uprz'sing
1131 276 1212 357 of
1237 275 1425 338 Gaul
1448 277 1666 338 under
1697 277 2193 361 Vercingetorix.
2293 295 2419 357 233

836 513 1145 568 Description
1171 516 1225 558 of
1257 516 1425 558 Alesia
1451 517 1548 559 and
1574 517 1642 559 ita
1670 516 1926 560 Defensa.

422 641 516 693 69.
578 636 792 711 Ipsum
821 643 953 694 erat
980 635 1275 712 oppidum
1308 636 1369 694 in
1400 636 1560 697 colle
1589 644 1830 698 summo
1859 632 2221 697 ¹admodum
2257 638 2427 707 edito

339 734 493 807 loco,
527 743 596 794 ut
625 732 745 793 nisi
773 733 1100 795 obsidione
1122 745 1463 813 expugnari
1482 745 1608 797 non
1629 756 1818 815 posse
1847 737 2173 798 videretur.
2236 738 2427 798 Cuius

339 835 515 894 collis
556 835 796 894 radices
826 834 950 893 duo
994 834 1238 895 duabus
1281 856 1358 896 ex
1398 838 1681 915 partibus
1723 837 1979 897 flfimina
2034 839 2423 899 subluebant.

339 936 506 994 Ante
535 934 830 1011 oppidum
859 934 1149 1012 planities
1179 935 1423 997 circiter
1453 936 1622 996 milia
1651 957 1947 1015 passuum
1978 956 2053 998 111
2079 939 2141 997 in
2173 938 2426 1016 longitu-

338 1034 547 1094 dinem
590 1033 916 1112 patebat23
960 1035 1213 1113 reliquis
1243 1056 1319 1097 ex
1357 1037 1645 1097 omnibus
1681 1038 1963 1115 partibus
1999 1039 2207 1112 colleS‚
2242 1039 2428 1099 medi-

336 1143 467 1195 ocri
525 1133 849 1195 interiecto
907 1136 1126 1213 spatio,
1184 1146 1320 1215 pari
1392 1137 1735 1199 altitfidinis
1805 1138 2059 1216 fastigio
2130 1139 2427 1216 oppidum

336 1235 686 1314 cingebant.
779 1237 906 1296 Sub
950 1245 1141 1311 muro,
1176 1257 1335 1316 quae
1378 1258 1523 1316 pars
1568 1238 1754 1299 collis'
1790 1239 1869 1297 ad
1901 1239 2200 1299 orientem
2232 1239 2426 1298 solem

337 1337 675 1414 spectabat,
714 1337 881 1398 hunc
923 1357 1169 1398 omnem
1215 1340 1416 1399 locum
1462 1339 1678 1417 copiae
1724 1340 2043 1400 Gallorum
2088 1340 2426 1417 compleve-

336 1447 491 1509 rant,
520 1438 879 1515 fossamque
908 1449 972 1499 et
1001 1436 1368 1499 maceriam⁸
1396 1442 1460 1499 in
1492 1440 1879 1500 altitudinem
1910 1457 1975 1499 vl
2006 1440 2233 1517 pedum
2260 1460 2427 1517 prae-

337 1538 654 1598 dsixerant.
740 1532 894 1598 ’Eius
930 1540 1289 1600 munitionis
1327 1560 1487 1617 quae
1531 1541 1610 1600 ab
1656 1543 1957 1600 Romanis
1994 1541 2428 1601 instituebatur

336 1638 627 1698 circuitus
675 1656 745 1698 xl
807 1640 977 1698 milia
1028 1659 1324 1717 passuum
1382 1638 1682 1700 tenebat.⁴
1788 1643 2012 1701 Castra
2061 1649 2426 1718 opportunis

334 1738 488 1799 locis
533 1749 709 1800 erant
751 1740 959 1817 posita
1001 1757 1121 1799 vm
1175 1724 1562 1817 castellaque
1614 1758 1784 1799 xxm
1826 1742 2029 1814 facta3
2079 1742 2305 1818 quibus
2362 1741 2424 1799 in

333 1839 606 1899 castellis
637 1836 942 1899 interdiu³
969 1839 1268 1900 stationes
1303 1841 1710 1917 ponebantur,
1744 1848 1823 1900 ne
1864 1861 1987 1918 qua
2018 1841 2224 1901 subito
2254 1848 2427 1917 erup-

334 1936 461 1999 tio⁶
501 1939 700 2012 fieret;
749 1940 903 1998 haec
934 1940 1149 1998 eadem
1181 1949 1368 1998 noctu
1397 1939 1896 2001 excubitoribus⁷
1925 1961 1999 2001 ac
2028 1941 2224 2000 firmis
2255 1959 2427 2017 prae·

335 2039 510 2098 sidiis
539 2039 924 2099 tenebantur.

432 2223 476 2263 A
503 2221 713 2272 cavalry
759 2221 926 2263 Battle
965 2222 1017 2263 in
1062 2222 1147 2263 the
1192 2222 1349 2264 Plain.
1404 2224 1508 2264 The
1535 2222 1687 2265 Gaulo
1724 2222 1964 2263 Defeated
2008 2223 2132 2263 with
2177 2223 2326 2265 Great

1232 2289 1508 2341 Slaughter.

418 2414 512 2465 70.
574 2407 780 2483 Opere
826 2405 1108 2468 instituto
1152 2408 1220 2466 fit
1261 2417 1548 2484 equestre
1591 2408 1893 2486 proelium
1940 2409 2002 2468 in
2047 2417 2121 2469 ea
2170 2408 2423 2486 planitie

334 2527 517 2585 quam
551 2506 967 2566 intermissam
1010 2507 1273 2567 collibus
1317 2509 1434 2567 tria
1478 2509 1648 2567 milia
1675 2529 1967 2586 passuum
1999 2509 2061 2567 in
2104 2508 2423 2585 longitndi-

333 2627 476 2667 nem
508 2614 717 2685 patere
750 2617 934 2684 supra
980 2607 1555 2669 demonstravimus
1647 2611 1895 2669 Summa
1937 2616 1998 2669 vi
2033 2608 2111 2667 ab
2148 2617 2424 2684 utrisque

333 2709 743 2768 contenditur.
837 2707 1292 2767 Laborantibus
1337 2718 1564 2768 nostris
1609 2711 1841 2769 Caesar
1884 2709 2230 2768 Germanos
2289 2710 2426 2769 sub·

333 2808 518 2868 mittit
547 2808 946 2885 legionesque
977 2815 1090 2885 pro
1120 2816 1339 2867 castris
1369 2808 1707 2881 constituit,
1735 2815 1813 2867 ne
1844 2827 1966 2884 qua
1997 2809 2202 2869 subito
2225 2808 2426 2887 inrup-

331 2906 458 2969 tio⁸
504 2908 584 2967 ab
632 2907 900 2966 hostium
950 2908 1229 2985 peditatfi
1274 2908 1407 2968 fiat.
1502 2908 1820 2968 Praesidio
1864 2908 2175 2986 legionum
2212 2911 2424 2970 addito

332 3017 562 3068 nostris
607 3007 848 3066 animus
896 3015 1183 3085 augetur3
1231 3009 1444 3068 hostes
1489 3009 1551 3068 in
1595 3009 1809 3088 fugam
1857 3006 2161 3070 coniecti⁹
2193 3017 2262 3069 se
2305 3009 2424 3087 ipsi

333 3108 722 3169 multitiidine
768 3107 1111 3185 impediunt
1163 3119 1349 3187 atque
1395 3111 1857 3188 angustioribus
1875 3107 1918 3142 ¹⁰
1957 3120 2151 3188 portis
2194 3110 2423 3170 relictis

332 3218 703 3269 coartantur.
769 3209 1062 3269 Germani
1094 3210 1295 3269 acrius
1327 3220 1523 3288 sisque
1554 3211 1634 3271 ad
1658 3210 2032 3272 monitiones
2063 3220 2420 3288 sequuntur.

335 3310 431 3369 Fit
462 3318 686 3387 magna
731 3309 992 3382 caedes3
1043 3318 1167 3370 non
1213 3311 1362 3370 nulli
1408 3312 1638 3371 relictis
1683 3320 1860 3389 equis
1894 3311 2128 3371 fossam
2160 3320 2419 3371 transire

331 3420 396 3470 et
424 3410 750 3469 maceriam
787 3411 1225 3470 transcendere
1257 3419 1577 3471 conantur.
1669 3413 1927 3471 Paulum
1967 3411 2241 3490 legiones
2273 3413 2423 3472 Cae-

332 3530 433 3570 sar
490 3519 644 3587 quas
702 3517 814 3588 pro
875 3512 1038 3571 vallo
1097 3511 1501 3571 constituerat
1565 3519 1913 3589 promoveri
1969 3511 2157 3572 iubet.
2276 3514 2422 3572 Non

415 3660 498 3711 Cf.
524 3658 543 3694 ¹
567 3660 857 3713 altissimo.
883 3689 952 3698 —
972 3657 996 3693 ²
1018 3660 1343 3725 pertinebat.
1368 3689 1438 3697 -
1459 3659 1482 3693 ⁸
1504 3663 1734 3712 miirum.
1760 3689 1829 3698 —
1848 3660 1871 3695 ⁴
1894 3663 2138 3726 patebat.
2165 3692 2231 3699 —
2252 3660 2276 3695 ⁶
2299 3678 2420 3727 opp.

331 3747 509 3798 nocto.
526 3744 625 3781 —0
649 3745 913 3797 excursio.
934 3772 1000 3781 —-
1014 3742 1034 3776 ⁷
1052 3744 1287 3809 vigiliis.
1305 3772 1373 3780 —
1385 3743 1406 3776 ⁸
1433 3744 1685 3796 incursio.
1703 3743 1806 3782 -9
1823 3746 1959 3798 dati.
1977 3774 2043 3781 —
2057 3745 2099 3779 ¹⁰
2122 3761 2242 3811 opp.
2261 3747 2424 3799 litio-

329 3830 496 3882 ribus.

2467 1564 2527 1601 10

2467 2060 2525 2113 15

2463 2830 2523 2864 20

2461 3328 2519 3380 25
