<?xml version="1.0" encoding="UTF-8"?>
<!DOCTYPE html PUBLIC "-//W3C//DTD XHTML 1.0 Transitional//EN"
    "http://www.w3.org/TR/xhtml1/DTD/xhtml1-transitional.dtd">
<html xmlns="http://www.w3.org/1999/xhtml" xml:lang="en" lang="en">
 <head>
  <title>
</title>
<meta http-equiv="Content-Type" content="text/html;charset=utf-8" />
  <meta name='ocr-system' content='tesseract 3.04.00' />
  <meta name='ocr-capabilities' content='ocr_page ocr_carea ocr_par ocr_line ocrx_word'/>
</head>
<body>
  <div class='ocr_page' id='page_1' title='image "./caesarsgallicwa02greegoog_0302.png"; bbox 0 0 2819 4297; ppageno 0'>
   <div class='ocr_carea' id='block_1_1' title="bbox 473 281 2554 364">
    <p class='ocr_par' dir='ltr' id='par_1_1' title="bbox 473 281 2554 364">
     <span class='ocr_line' id='line_1_1' title="bbox 473 281 2554 364; baseline -0.002 -17"><span class='ocrx_word' id='word_1_1' title='bbox 473 298 594 364; x_wconf 89' lang='lat'><strong>172</strong></span> <span class='ocrx_word' id='word_1_2' title='bbox 1190 281 1323 345; x_wconf 72' lang='lat' dir='ltr'><strong>The</strong></span> <span class='ocrx_word' id='word_1_3' title='bbox 1375 281 1597 346; x_wconf 74' lang='lat' dir='ltr'><strong>Gallia</strong></span> <span class='ocrx_word' id='word_1_4' title='bbox 1647 282 1818 346; x_wconf 83' lang='lat' dir='ltr'><strong>War.</strong></span> <span class='ocrx_word' id='word_1_5' title='bbox 2324 292 2554 359; x_wconf 56' lang='lat' dir='ltr'><strong>[Casan</strong></span> 
     </span>
    </p>
   </div>
   <div class='ocr_carea' id='block_1_2' title="bbox 399 469 2557 952">
    <p class='ocr_par' dir='ltr' id='par_1_2' title="bbox 463 469 2555 551">
     <span class='ocr_line' id='line_1_2' title="bbox 463 469 2555 551; baseline 0 -18"><span class='ocrx_word' id='word_1_6' title='bbox 463 483 657 534; x_wconf 72' lang='lat' dir='ltr'><strong>secuti</strong></span> <span class='ocrx_word' id='word_1_7' title='bbox 717 483 842 535; x_wconf 88' lang='lat' dir='ltr'><strong>non</strong></span> <span class='ocrx_word' id='word_1_8' title='bbox 905 485 1048 534; x_wconf 92' lang='lat' dir='ltr'><strong>sunt</strong></span> <span class='ocrx_word' id='word_1_9' title='bbox 1108 475 1169 533; x_wconf 92' lang='lat' dir='ltr'><strong>in</strong></span> <span class='ocrx_word' id='word_1_10' title='bbox 1231 475 1613 533; x_wconf 75' lang='lat' dir='ltr'><strong>desertorum</strong></span> <span class='ocrx_word' id='word_1_11' title='bbox 1637 469 1656 504; x_wconf 87' lang='lat'>¹</span> <span class='ocrx_word' id='word_1_12' title='bbox 1713 492 1786 532; x_wconf 91' lang='lat' dir='ltr'><strong>ac</strong></span> <span class='ocrx_word' id='word_1_13' title='bbox 1856 473 2240 551; x_wconf 88' lang='lat' dir='ltr'><strong>proditorum</strong></span> <span class='ocrx_word' id='word_1_14' title='bbox 2298 482 2555 535; x_wconf 88' lang='lat' dir='ltr'><strong>numero</strong></span> 
     </span>
    </p>

    <p class='ocr_par' dir='ltr' id='par_1_3' title="bbox 463 571 2557 652">
     <span class='ocr_line' id='line_1_3' title="bbox 463 571 2557 652; baseline 0 -18"><span class='ocrx_word' id='word_1_15' title='bbox 463 573 812 635; x_wconf 73' lang='lat' dir='ltr'><strong>docuntur²</strong></span> <span class='ocrx_word' id='word_1_16' title='bbox 862 576 1259 651; x_wconf 89' lang='lat' dir='ltr'><strong>omniumque</strong></span> <span class='ocrx_word' id='word_1_17' title='bbox 1312 575 1409 633; x_wconf 93' lang='lat' dir='ltr'><strong>his</strong></span> <span class='ocrx_word' id='word_1_18' title='bbox 1462 580 1663 632; x_wconf 76' lang='lat' dir='ltr'><strong>rorum</strong></span> <span class='ocrx_word' id='word_1_19' title='bbox 1708 582 1927 651; x_wconf 68' lang='lat' dir='ltr'><strong>postea</strong></span> <span class='ocrx_word' id='word_1_20' title='bbox 1976 574 2132 633; x_wconf 77' lang='lat' dir='ltr'><strong>fidos</strong></span> <span class='ocrx_word' id='word_1_21' title='bbox 2184 571 2557 652; x_wconf 57' lang='lat' dir='ltr'><strong>derogatur?</strong></span> 
     </span>
    </p>

    <p class='ocr_par' dir='ltr' id='par_1_4' title="bbox 467 674 2555 752">
     <span class='ocr_line' id='line_1_4' title="bbox 467 674 2555 752; baseline 0 -19"><span class='ocrx_word' id='word_1_22' title='bbox 467 675 795 752; x_wconf 84' lang='lat' dir='ltr'>Hospitem</span> <span class='ocrx_word' id='word_1_23' title='bbox 829 675 1055 735; x_wconf 71' lang='lat' dir='ltr'><strong>violare</strong></span> <span class='ocrx_word' id='word_1_24' title='bbox 1085 676 1183 734; x_wconf 71' lang='lat' dir='ltr'><strong>sas</strong></span> <span class='ocrx_word' id='word_1_25' title='bbox 1220 682 1345 734; x_wconf 89' lang='lat' dir='ltr'><strong>non</strong></span> <span class='ocrx_word' id='word_1_26' title='bbox 1389 684 1645 752; x_wconf 83' lang='lat' dir='ltr'><strong>putant3</strong></span> <span class='ocrx_word' id='word_1_27' title='bbox 1690 682 1797 751; x_wconf 92' lang='lat' dir='ltr'><strong>qui</strong></span> <span class='ocrx_word' id='word_1_28' title='bbox 1841 682 2228 750; x_wconf 68' lang='lat' dir='ltr'><strong>quacumque</strong></span> <span class='ocrx_word' id='word_1_29' title='bbox 2259 674 2338 734; x_wconf 78' lang='lat' dir='ltr'><strong>do</strong></span> <span class='ocrx_word' id='word_1_30' title='bbox 2367 684 2555 734; x_wconf 81' lang='lat' dir='ltr'><strong>caus&#39;a&#39;.</strong></span> 
     </span>
    </p>

    <p class='ocr_par' dir='ltr' id='par_1_5' title="bbox 399 774 2551 952">
     <span class='ocr_line' id='line_1_5' title="bbox 463 774 2551 851; baseline 0 -17"><span class='ocrx_word' id='word_1_31' title='bbox 463 777 541 834; x_wconf 92' lang='lat' dir='ltr'><strong>ad</strong></span> <span class='ocrx_word' id='word_1_32' title='bbox 593 783 703 835; x_wconf 94' lang='lat' dir='ltr'><strong>eos</strong></span> <span class='ocrx_word' id='word_1_33' title='bbox 756 782 1056 834; x_wconf 75' lang='lat' dir='ltr'><strong>venerunt</strong></span> <span class='ocrx_word' id='word_1_34' title='bbox 1107 775 1187 834; x_wconf 90' lang='lat' dir='ltr'><strong>ab</strong></span> <span class='ocrx_word' id='word_1_35' title='bbox 1232 774 1453 834; x_wconf 69' lang='lat' dir='ltr'><strong>iniuria</strong></span> <span class='ocrx_word' id='word_1_36' title='bbox 1494 774 1826 851; x_wconf 90' lang='lat' dir='ltr'><strong>prohibent</strong></span> <span class='ocrx_word' id='word_1_37' title='bbox 1869 782 2240 851; x_wconf 69' lang='lat' dir='ltr'><strong>sanctosque</strong></span> <span class='ocrx_word' id='word_1_38' title='bbox 2284 776 2551 849; x_wconf 89' lang='lat' dir='ltr'><strong>habent;</strong></span> 
     </span>
     <span class='ocr_line' id='line_1_6' title="bbox 399 873 2383 952; baseline 0.001 -19"><span class='ocrx_word' id='word_1_39' title='bbox 399 890 425 943; x_wconf 85' lang='lat'>5</span> <span class='ocrx_word' id='word_1_40' title='bbox 460 876 684 952; x_wconf 89' lang='lat' dir='ltr'>hisque</span> <span class='ocrx_word' id='word_1_41' title='bbox 716 874 989 934; x_wconf 90' lang='lat' dir='ltr'><strong>omnium</strong></span> <span class='ocrx_word' id='word_1_42' title='bbox 1021 875 1243 934; x_wconf 72' lang='lat' dir='ltr'><strong>domus</strong></span> <span class='ocrx_word' id='word_1_43' title='bbox 1272 884 1491 952; x_wconf 91' lang='lat' dir='ltr'><strong>patent</strong></span> <span class='ocrx_word' id='word_1_44' title='bbox 1528 883 1852 951; x_wconf 91' lang='lat' dir='ltr'><strong>victusque</strong></span> <span class='ocrx_word' id='word_1_45' title='bbox 1882 873 2383 934; x_wconf 71' lang='lat' dir='ltr'><strong>commonicatur.</strong></span> 
     </span>
    </p>
   </div>
   <div class='ocr_carea' id='block_1_3' title="bbox 844 1057 2168 1112">
    <p class='ocr_par' dir='ltr' id='par_1_6' title="bbox 844 1057 2168 1112">
     <span class='ocr_line' id='line_1_7' title="bbox 844 1057 2168 1112; baseline -0.002 -12"><span class='ocrx_word' id='word_1_46' title='bbox 844 1059 1112 1112; x_wconf 67' lang='lat' dir='ltr'><strong>Migration</strong></span> <span class='ocrx_word' id='word_1_47' title='bbox 1141 1058 1193 1100; x_wconf 72' lang='lat' dir='ltr'><strong>of</strong></span> <span class='ocrx_word' id='word_1_48' title='bbox 1220 1058 1417 1100; x_wconf 76' lang='lat' dir='ltr'><strong>certain</strong></span> <span class='ocrx_word' id='word_1_49' title='bbox 1447 1057 1604 1099; x_wconf 76' lang='lat' dir='ltr'><strong>Gallie</strong></span> <span class='ocrx_word' id='word_1_50' title='bbox 1631 1057 1802 1099; x_wconf 69' lang='lat' dir='ltr'><strong>‘tribes</strong></span> <span class='ocrx_word' id='word_1_51' title='bbox 1827 1062 1880 1098; x_wconf 83' lang='lat' dir='ltr'><strong>to</strong></span> <span class='ocrx_word' id='word_1_52' title='bbox 1907 1057 2168 1108; x_wconf 77' lang='lat' dir='ltr'><strong>Germany.</strong></span> 
     </span>
    </p>
   </div>
   <div class='ocr_carea' id='block_1_4' title="bbox 358 1176 2556 2663">
    <p class='ocr_par' dir='ltr' id='par_1_7' title="bbox 459 1176 2555 1555">
     <span class='ocr_line' id='line_1_8' title="bbox 542 1176 2554 1253; baseline 0 -18"><span class='ocrx_word' id='word_1_53' title='bbox 542 1186 638 1236; x_wconf 79' lang='lat'><strong>24.</strong></span> <span class='ocrx_word' id='word_1_54' title='bbox 697 1182 789 1237; x_wconf 95' lang='lat' dir='ltr'><strong>Ac</strong></span> <span class='ocrx_word' id='word_1_55' title='bbox 834 1179 955 1237; x_wconf 86' lang='lat' dir='ltr'><strong>fuit</strong></span> <span class='ocrx_word' id='word_1_56' title='bbox 1001 1185 1186 1237; x_wconf 71' lang='lat' dir='ltr'><strong>anteo.</strong></span> <span class='ocrx_word' id='word_1_57' title='bbox 1238 1187 1484 1253; x_wconf 90' lang='lat' dir='ltr'><strong>tempus</strong></span> <span class='ocrx_word' id='word_1_58' title='bbox 1532 1195 1672 1235; x_wconf 89' lang='lat' dir='ltr'><strong>cum</strong></span> <span class='ocrx_word' id='word_1_59' title='bbox 1719 1177 2064 1236; x_wconf 67' lang='lat' dir='ltr'><strong>Germanos</strong></span> <span class='ocrx_word' id='word_1_60' title='bbox 2116 1176 2281 1236; x_wconf 89' lang='lat' dir='ltr'><strong>Galli</strong></span> <span class='ocrx_word' id='word_1_61' title='bbox 2329 1176 2554 1236; x_wconf 73' lang='lat' dir='ltr'><strong>virtute</strong></span> 
     </span>
     <span class='ocr_line' id='line_1_9' title="bbox 460 1276 2555 1357; baseline -0.001 -18"><span class='ocrx_word' id='word_1_62' title='bbox 460 1288 838 1357; x_wconf 70' lang='lat' dir='ltr'><strong>superarent,</strong></span> <span class='ocrx_word' id='word_1_63' title='bbox 872 1280 1033 1338; x_wconf 92' lang='lat' dir='ltr'><strong>ultro</strong></span> <span class='ocrx_word' id='word_1_64' title='bbox 1078 1278 1244 1337; x_wconf 92' lang='lat' dir='ltr'><strong>bella</strong></span> <span class='ocrx_word' id='word_1_65' title='bbox 1287 1279 1603 1350; x_wconf 83' lang='lat' dir='ltr'><strong>inferrent,</strong></span> <span class='ocrx_word' id='word_1_66' title='bbox 1633 1287 1886 1354; x_wconf 90' lang='lat' dir='ltr'><strong>propter</strong></span> <span class='ocrx_word' id='word_1_67' title='bbox 1929 1276 2245 1336; x_wconf 90' lang='lat' dir='ltr'><strong>hominum</strong></span> <span class='ocrx_word' id='word_1_68' title='bbox 2292 1277 2555 1336; x_wconf 75' lang='lat' dir='ltr'><strong>multitfi·</strong></span> 
     </span>
     <span class='ocr_line' id='line_1_10' title="bbox 459 1376 2553 1456; baseline -0 -18"><span class='ocrx_word' id='word_1_69' title='bbox 459 1381 668 1439; x_wconf 92' lang='lat' dir='ltr'><strong>dinem</strong></span> <span class='ocrx_word' id='word_1_70' title='bbox 713 1388 967 1456; x_wconf 87' lang='lat' dir='ltr'>agrique</span> <span class='ocrx_word' id='word_1_71' title='bbox 1013 1378 1286 1455; x_wconf 90' lang='lat' dir='ltr'><strong>inopiam</strong></span> <span class='ocrx_word' id='word_1_72' title='bbox 1340 1386 1510 1437; x_wconf 70' lang='lat' dir='ltr'><strong>trans</strong></span> <span class='ocrx_word' id='word_1_73' title='bbox 1567 1378 1853 1436; x_wconf 73' lang='lat' dir='ltr'><strong>Rhenum</strong></span> <span class='ocrx_word' id='word_1_74' title='bbox 1898 1376 2176 1436; x_wconf 68' lang='lat' dir='ltr'><strong>colonias</strong></span> <span class='ocrx_word' id='word_1_75' title='bbox 2221 1376 2553 1437; x_wconf 87' lang='lat' dir='ltr'><strong>mitterent.</strong></span> 
     </span>
     <span class='ocr_line' id='line_1_11' title="bbox 462 1475 2553 1555; baseline -0.001 -17"><span class='ocrx_word' id='word_1_76' title='bbox 462 1482 682 1555; x_wconf 90' lang='lat' dir='ltr'><strong>Itaque</strong></span> <span class='ocrx_word' id='word_1_77' title='bbox 734 1498 810 1537; x_wconf 92' lang='lat' dir='ltr'><strong>ea</strong></span> <span class='ocrx_word' id='word_1_78' title='bbox 862 1497 1021 1554; x_wconf 90' lang='lat' dir='ltr'><strong>quae</strong></span> <span class='ocrx_word' id='word_1_79' title='bbox 1069 1477 1454 1537; x_wconf 83' lang='lat' dir='ltr'><strong>fertilissima</strong></span> <span class='ocrx_word' id='word_1_80' title='bbox 1501 1477 1874 1536; x_wconf 69' lang='lat' dir='ltr'><strong>Germaniae</strong></span> <span class='ocrx_word' id='word_1_81' title='bbox 1922 1485 2067 1536; x_wconf 90' lang='lat' dir='ltr'><strong>sunt</strong></span> <span class='ocrx_word' id='word_1_82' title='bbox 2115 1475 2272 1550; x_wconf 90' lang='lat' dir='ltr'><strong>loca,</strong></span> <span class='ocrx_word' id='word_1_83' title='bbox 2322 1477 2553 1536; x_wconf 89' lang='lat' dir='ltr'><strong>circum</strong></span> 
     </span>
    </p>

    <p class='ocr_par' dir='ltr' id='par_1_8' title="bbox 364 1577 2556 2056">
     <span class='ocr_line' id='line_1_12' title="bbox 364 1577 2555 1658; baseline 0.002 -25"><span class='ocrx_word' id='word_1_84' title='bbox 364 1599 423 1633; x_wconf 92' lang='lat'><strong>10</strong></span> <span class='ocrx_word' id='word_1_85' title='bbox 462 1580 843 1658; x_wconf 88' lang='lat' dir='ltr'><strong>Hercyniam</strong></span> <span class='ocrx_word' id='word_1_86' title='bbox 873 1579 1089 1639; x_wconf 90' lang='lat' dir='ltr'><strong>silvam</strong></span> <span class='ocrx_word' id='word_1_87' title='bbox 1126 1578 1341 1657; x_wconf 93' lang='lat' dir='ltr'><strong>(quam</strong></span> <span class='ocrx_word' id='word_1_88' title='bbox 1375 1578 1769 1637; x_wconf 86' lang='lat' dir='ltr'><strong>Eratostheni</strong></span> <span class='ocrx_word' id='word_1_89' title='bbox 1798 1588 1862 1637; x_wconf 91' lang='lat' dir='ltr'><strong>et</strong></span> <span class='ocrx_word' id='word_1_90' title='bbox 1892 1577 2264 1654; x_wconf 90' lang='lat' dir='ltr'><strong>quibusdam</strong></span> <span class='ocrx_word' id='word_1_91' title='bbox 2296 1577 2555 1638; x_wconf 92' lang='lat' dir='ltr'><strong>Graecis</strong></span> 
     </span>
     <span class='ocr_line' id='line_1_13' title="bbox 457 1677 2556 1758; baseline 0 -20"><span class='ocrx_word' id='word_1_92' title='bbox 457 1681 623 1739; x_wconf 70' lang='lat' dir='ltr'><strong>sama</strong></span> <span class='ocrx_word' id='word_1_93' title='bbox 654 1687 865 1739; x_wconf 90' lang='lat' dir='ltr'><strong>notam</strong></span> <span class='ocrx_word' id='word_1_94' title='bbox 895 1698 1036 1739; x_wconf 91' lang='lat' dir='ltr'><strong>esse</strong></span> <span class='ocrx_word' id='word_1_95' title='bbox 1067 1679 1268 1753; x_wconf 88' lang='lat' dir='ltr'><strong>video,</strong></span> <span class='ocrx_word' id='word_1_96' title='bbox 1300 1697 1489 1754; x_wconf 90' lang='lat' dir='ltr'><strong>quam</strong></span> <span class='ocrx_word' id='word_1_97' title='bbox 1519 1677 1607 1736; x_wconf 93' lang='lat' dir='ltr'><strong>illi</strong></span> <span class='ocrx_word' id='word_1_98' title='bbox 1638 1678 1970 1757; x_wconf 90' lang='lat' dir='ltr'><strong>Orcyniam</strong></span> <span class='ocrx_word' id='word_1_99' title='bbox 2012 1677 2377 1758; x_wconf 91' lang='lat' dir='ltr'><strong>appellant),</strong></span> <span class='ocrx_word' id='word_1_100' title='bbox 2411 1680 2556 1738; x_wconf 88' lang='lat' dir='ltr'><strong>Vol-</strong></span> 
     </span>
     <span class='ocr_line' id='line_1_14' title="bbox 459 1778 2556 1858; baseline 0 -19"><span class='ocrx_word' id='word_1_101' title='bbox 459 1782 569 1839; x_wconf 78' lang='lat' dir='ltr'><strong>c‘ae</strong></span> <span class='ocrx_word' id='word_1_102' title='bbox 600 1782 979 1858; x_wconf 75' lang='lat' dir='ltr'><strong>Tectosages</strong></span> <span class='ocrx_word' id='word_1_103' title='bbox 1012 1786 1473 1856; x_wconf 69' lang='lat' dir='ltr'><strong>occupaverunt</strong></span> <span class='ocrx_word' id='word_1_104' title='bbox 1515 1788 1702 1855; x_wconf 90' lang='lat' dir='ltr'><strong>atque</strong></span> <span class='ocrx_word' id='word_1_105' title='bbox 1732 1778 1819 1837; x_wconf 91' lang='lat' dir='ltr'><strong>ibi</strong></span> <span class='ocrx_word' id='word_1_106' title='bbox 1849 1778 2285 1838; x_wconf 75' lang='lat' dir='ltr'><strong>consederunt.</strong></span> <span class='ocrx_word' id='word_1_107' title='bbox 2374 1778 2556 1853; x_wconf 90' lang='lat' dir='ltr'><strong>Quae</strong></span> 
     </span>
     <span class='ocr_line' id='line_1_15' title="bbox 456 1878 2554 1959; baseline -0.001 -19"><span class='ocrx_word' id='word_1_108' title='bbox 456 1888 611 1959; x_wconf 78' lang='lat' dir='ltr'><strong>gons</strong></span> <span class='ocrx_word' id='word_1_109' title='bbox 639 1878 750 1941; x_wconf 85' lang='lat' dir='ltr'><strong>⁴ad</strong></span> <span class='ocrx_word' id='word_1_110' title='bbox 793 1882 913 1941; x_wconf 93' lang='lat' dir='ltr'><strong>hoc</strong></span> <span class='ocrx_word' id='word_1_111' title='bbox 958 1890 1206 1957; x_wconf 90' lang='lat' dir='ltr'><strong>tempus</strong></span> <span class='ocrx_word' id='word_1_112' title='bbox 1236 1880 1334 1939; x_wconf 93' lang='lat' dir='ltr'><strong>his</strong></span> <span class='ocrx_word' id='word_1_113' title='bbox 1365 1879 1620 1939; x_wconf 78' lang='lat' dir='ltr'><strong>sodibus</strong></span> <span class='ocrx_word' id='word_1_114' title='bbox 1652 1885 1788 1938; x_wconf 78' lang='lat' dir='ltr'><strong>soso</strong></span> <span class='ocrx_word' id='word_1_115' title='bbox 1819 1878 2095 1938; x_wconf 89' lang='lat' dir='ltr'><strong>continet</strong></span> <span class='ocrx_word' id='word_1_116' title='bbox 2124 1897 2554 1956; x_wconf 89' lang='lat' dir='ltr'><strong>summamque</strong></span> 
     </span>
     <span class='ocr_line' id='line_1_16' title="bbox 458 1977 2554 2056; baseline 0 -17"><span class='ocrx_word' id='word_1_117' title='bbox 458 1982 647 2041; x_wconf 86' lang='lat' dir='ltr'><strong>habet</strong></span> <span class='ocrx_word' id='word_1_118' title='bbox 675 1981 944 2041; x_wconf 68' lang='lat' dir='ltr'><strong>institiae</strong></span> <span class='ocrx_word' id='word_1_119' title='bbox 975 1991 1038 2042; x_wconf 91' lang='lat' dir='ltr'><strong>et</strong></span> <span class='ocrx_word' id='word_1_120' title='bbox 1066 1980 1327 2041; x_wconf 90' lang='lat' dir='ltr'><strong>bellicae</strong></span> <span class='ocrx_word' id='word_1_121' title='bbox 1366 1979 1571 2039; x_wconf 88' lang='lat' dir='ltr'><strong>laudis</strong></span> <span class='ocrx_word' id='word_1_122' title='bbox 1602 1977 2003 2056; x_wconf 79' lang='lat' dir='ltr'><strong>opinionem.⁵</strong></span> <span class='ocrx_word' id='word_1_123' title='bbox 2087 1980 2147 2037; x_wconf 96' lang='lat' dir='ltr'>N</span> <span class='ocrx_word' id='word_1_124' title='bbox 2151 1997 2273 2038; x_wconf 88' lang='lat' dir='ltr'><strong>unc</strong></span> <span class='ocrx_word' id='word_1_125' title='bbox 2302 1978 2554 2055; x_wconf 89' lang='lat' dir='ltr'><strong>quidem</strong></span> 
     </span>
    </p>

    <p class='ocr_par' dir='ltr' id='par_1_9' title="bbox 362 2079 2556 2561">
     <span class='ocr_line' id='line_1_17' title="bbox 362 2079 2555 2160; baseline -0 -19"><span class='ocrx_word' id='word_1_126' title='bbox 362 2098 421 2154; x_wconf 87' lang='lat'><strong>15</strong></span> <span class='ocrx_word' id='word_1_127' title='bbox 458 2082 519 2141; x_wconf 91' lang='lat' dir='ltr'><strong>in</strong></span> <span class='ocrx_word' id='word_1_128' title='bbox 553 2083 768 2142; x_wconf 70' lang='lat' dir='ltr'><strong>eadem</strong></span> <span class='ocrx_word' id='word_1_129' title='bbox 801 2082 1028 2160; x_wconf 69' lang='lat' dir='ltr'><strong>inopia,</strong></span> <span class='ocrx_word' id='word_1_130' title='bbox 1063 2089 1359 2160; x_wconf 73' lang='lat' dir='ltr'><strong>egestate,</strong></span> <span class='ocrx_word' id='word_1_131' title='bbox 1391 2079 1816 2158; x_wconf 72' lang='lat' dir='ltr'><strong>patientiaque</strong></span> <span class='ocrx_word' id='word_1_132' title='bbox 1846 2081 2141 2139; x_wconf 73' lang='lat' dir='ltr'><strong>Germani</strong></span> <span class='ocrx_word' id='word_1_133' title='bbox 2170 2091 2555 2156; x_wconf 89' lang='lat' dir='ltr'><strong>permanent,</strong></span> 
     </span>
     <span class='ocr_line' id='line_1_18' title="bbox 456 2180 2556 2259; baseline -0.002 -15"><span class='ocrx_word' id='word_1_134' title='bbox 456 2184 674 2244; x_wconf 90' lang='lat' dir='ltr'><strong>eodem</strong></span> <span class='ocrx_word' id='word_1_135' title='bbox 707 2193 874 2244; x_wconf 72' lang='lat' dir='ltr'><strong>victo</strong></span> <span class='ocrx_word' id='word_1_136' title='bbox 904 2193 966 2244; x_wconf 95' lang='lat' dir='ltr'><strong>et</strong></span> <span class='ocrx_word' id='word_1_137' title='bbox 995 2184 1164 2243; x_wconf 72' lang='lat' dir='ltr'><strong>culto</strong></span> <span class='ocrx_word' id='word_1_138' title='bbox 1193 2180 1471 2259; x_wconf 91' lang='lat' dir='ltr'><strong>corporis</strong></span> <span class='ocrx_word' id='word_1_139' title='bbox 1503 2190 1782 2254; x_wconf 72' lang='lat' dir='ltr'><strong>utuntur3</strong></span> <span class='ocrx_word' id='word_1_140' title='bbox 1828 2180 2029 2240; x_wconf 91' lang='lat' dir='ltr'><strong>Gallis</strong></span> <span class='ocrx_word' id='word_1_141' title='bbox 2068 2190 2270 2239; x_wconf 89' lang='lat' dir='ltr'><strong>autem</strong></span> <span class='ocrx_word' id='word_1_142' title='bbox 2312 2181 2556 2257; x_wconf 90' lang='lat' dir='ltr'><strong>provin·</strong></span> 
     </span>
     <span class='ocr_line' id='line_1_19' title="bbox 456 2277 2555 2362; baseline -0.002 -17"><span class='ocrx_word' id='word_1_143' title='bbox 456 2286 684 2346; x_wconf 71' lang='lat' dir='ltr'><strong>ciarum</strong></span> <span class='ocrx_word' id='word_1_144' title='bbox 718 2284 1148 2362; x_wconf 72' lang='lat' dir='ltr'><strong>propinquitas</strong></span> <span class='ocrx_word' id='word_1_145' title='bbox 1178 2293 1241 2343; x_wconf 96' lang='lat' dir='ltr'><strong>et</strong></span> <span class='ocrx_word' id='word_1_146' title='bbox 1269 2290 1816 2341; x_wconf 71' lang='lat' dir='ltr'><strong>transmarinarum</strong></span> <span class='ocrx_word' id='word_1_147' title='bbox 1846 2287 2046 2339; x_wconf 75' lang='lat' dir='ltr'><strong>rerum</strong></span> <span class='ocrx_word' id='word_1_148' title='bbox 2077 2277 2334 2340; x_wconf 81' lang='lat' dir='ltr'><strong>notitia⁶</strong></span> <span class='ocrx_word' id='word_1_149' title='bbox 2362 2281 2555 2341; x_wconf 91' lang='lat' dir='ltr'><strong>multa</strong></span> 
     </span>
     <span class='ocr_line' id='line_1_20' title="bbox 458 2379 2555 2463; baseline -0.001 -18"><span class='ocrx_word' id='word_1_150' title='bbox 458 2387 537 2445; x_wconf 90' lang='lat' dir='ltr'><strong>ad</strong></span> <span class='ocrx_word' id='word_1_151' title='bbox 570 2386 814 2463; x_wconf 91' lang='lat' dir='ltr'><strong>copiam</strong></span> <span class='ocrx_word' id='word_1_152' title='bbox 845 2394 1033 2461; x_wconf 90' lang='lat' dir='ltr'><strong>atque</strong></span> <span class='ocrx_word' id='word_1_153' title='bbox 1065 2393 1242 2442; x_wconf 75' lang='lat' dir='ltr'><strong>usum</strong></span> <span class='ocrx_word' id='word_1_154' title='bbox 1273 2379 1572 2460; x_wconf 84' lang='lat' dir='ltr'><strong>largitur.⁷</strong></span> <span class='ocrx_word' id='word_1_155' title='bbox 1657 2381 1962 2440; x_wconf 72' lang='lat' dir='ltr'><strong>Paulatim</strong></span> <span class='ocrx_word' id='word_1_156' title='bbox 1993 2381 2338 2440; x_wconf 75' lang='lat' dir='ltr'><strong>adsuefacti</strong></span> <span class='ocrx_word' id='word_1_157' title='bbox 2379 2400 2555 2458; x_wconf 92' lang='lat' dir='ltr'><strong>supe-</strong></span> 
     </span>
     <span class='ocr_line' id='line_1_21' title="bbox 456 2481 2555 2561; baseline -0.002 -16"><span class='ocrx_word' id='word_1_158' title='bbox 456 2496 577 2546; x_wconf 73' lang='lat' dir='ltr'><strong>rari</strong></span> <span class='ocrx_word' id='word_1_159' title='bbox 606 2486 939 2561; x_wconf 91' lang='lat' dir='ltr'><strong>multisque</strong></span> <span class='ocrx_word' id='word_1_160' title='bbox 970 2484 1118 2543; x_wconf 90' lang='lat' dir='ltr'><strong>victi</strong></span> <span class='ocrx_word' id='word_1_161' title='bbox 1148 2483 1419 2561; x_wconf 89' lang='lat' dir='ltr'><strong>proeliis,</strong></span> <span class='ocrx_word' id='word_1_162' title='bbox 1453 2489 1532 2542; x_wconf 75' lang='lat' dir='ltr'><strong>no</strong></span> <span class='ocrx_word' id='word_1_163' title='bbox 1562 2489 1631 2542; x_wconf 76' lang='lat' dir='ltr'><strong>so</strong></span> <span class='ocrx_word' id='word_1_164' title='bbox 1662 2481 1910 2559; x_wconf 89' lang='lat' dir='ltr'><strong>quidem</strong></span> <span class='ocrx_word' id='word_1_165' title='bbox 1951 2481 2071 2559; x_wconf 91' lang='lat' dir='ltr'><strong>ipsi</strong></span> <span class='ocrx_word' id='word_1_166' title='bbox 2111 2499 2249 2540; x_wconf 89' lang='lat' dir='ltr'><strong>cum</strong></span> <span class='ocrx_word' id='word_1_167' title='bbox 2291 2481 2412 2541; x_wconf 88' lang='lat' dir='ltr'><strong>illis</strong></span> <span class='ocrx_word' id='word_1_168' title='bbox 2443 2482 2555 2541; x_wconf 91' lang='lat' dir='ltr'><strong>vir-</strong></span> 
     </span>
    </p>

    <p class='ocr_par' dir='ltr' id='par_1_10' title="bbox 358 2594 994 2663">
     <span class='ocr_line' id='line_1_22' title="bbox 358 2594 994 2663; baseline -0.002 -17"><span class='ocrx_word' id='word_1_169' title='bbox 358 2610 422 2649; x_wconf 87' lang='lat'><strong>20</strong></span> <span class='ocrx_word' id='word_1_170' title='bbox 456 2596 583 2647; x_wconf 77' lang='lat' dir='ltr'><strong>tfite</strong></span> <span class='ocrx_word' id='word_1_171' title='bbox 614 2594 994 2663; x_wconf 89' lang='lat' dir='ltr'><strong>comparant.</strong></span> 
     </span>
    </p>
   </div>
   <div class='ocr_carea' id='block_1_5' title="bbox 724 2763 2297 2817">
    <p class='ocr_par' dir='ltr' id='par_1_11' title="bbox 724 2763 2297 2817">
     <span class='ocr_line' id='line_1_23' title="bbox 724 2763 2297 2817; baseline -0.001 -10"><span class='ocrx_word' id='word_1_172' title='bbox 724 2767 828 2808; x_wconf 80' lang='lat' dir='ltr'><strong>The</strong></span> <span class='ocrx_word' id='word_1_173' title='bbox 858 2766 1141 2817; x_wconf 76' lang='lat' dir='ltr'><strong>Hercyniau</strong></span> <span class='ocrx_word' id='word_1_174' title='bbox 1170 2766 1344 2807; x_wconf 71' lang='lat' dir='ltr'><strong>Fon-est</strong></span> <span class='ocrx_word' id='word_1_175' title='bbox 1372 2767 1470 2807; x_wconf 82' lang='lat' dir='ltr'><strong>and</strong></span> <span class='ocrx_word' id='word_1_176' title='bbox 1497 2766 1564 2807; x_wconf 73' lang='lat' dir='ltr'><strong>its</strong></span> <span class='ocrx_word' id='word_1_177' title='bbox 1592 2766 1778 2807; x_wconf 77' lang='lat' dir='ltr'><strong>Fauna.</strong></span> <span class='ocrx_word' id='word_1_178' title='bbox 1832 2766 1937 2807; x_wconf 79' lang='lat' dir='ltr'><strong>The</strong></span> <span class='ocrx_word' id='word_1_179' title='bbox 1963 2765 2202 2806; x_wconf 81' lang='lat' dir='ltr'><strong>Reindeer</strong></span> <span class='ocrx_word' id='word_1_180' title='bbox 2221 2763 2297 2815; x_wconf 73' lang='grc' dir='ltr'>(Ρ).</span> 
     </span>
    </p>
   </div>
   <div class='ocr_carea' id='block_1_6' title="bbox 356 2884 2554 3569">
    <p class='ocr_par' dir='ltr' id='par_1_12' title="bbox 455 2884 2554 3258">
     <span class='ocr_line' id='line_1_24' title="bbox 538 2884 2548 2964; baseline -0.001 -18"><span class='ocrx_word' id='word_1_181' title='bbox 538 2896 634 2946; x_wconf 82' lang='grc'><strong>25.</strong></span> <span class='ocrx_word' id='word_1_182' title='bbox 699 2886 905 2946; x_wconf 74' lang='lat' dir='ltr'><strong>Huius</strong></span> <span class='ocrx_word' id='word_1_183' title='bbox 939 2884 1294 2964; x_wconf 89' lang='lat' dir='ltr'><strong>Hercyniae</strong></span> <span class='ocrx_word' id='word_1_184' title='bbox 1335 2884 1544 2957; x_wconf 91' lang='lat' dir='ltr'><strong>silvae,</strong></span> <span class='ocrx_word' id='word_1_185' title='bbox 1581 2904 1739 2961; x_wconf 89' lang='lat' dir='ltr'><strong>quae</strong></span> <span class='ocrx_word' id='word_1_186' title='bbox 1770 2893 1956 2961; x_wconf 70' lang='lat' dir='ltr'><strong>supra</strong></span> <span class='ocrx_word' id='word_1_187' title='bbox 1986 2885 2406 2945; x_wconf 70' lang='lat' dir='ltr'><strong>domonstrata</strong></span> <span class='ocrx_word' id='word_1_188' title='bbox 2434 2894 2548 2959; x_wconf 91' lang='lat' dir='ltr'><strong>est,</strong></span> 
     </span>
     <span class='ocr_line' id='line_1_25' title="bbox 456 2981 2553 3062; baseline -0.003 -14"><span class='ocrx_word' id='word_1_189' title='bbox 456 2988 716 3049; x_wconf 75' lang='lat' dir='ltr'><strong>latitfido</strong></span> <span class='ocrx_word' id='word_1_190' title='bbox 761 3004 903 3046; x_wconf 88' lang='lat' dir='ltr'>VI111</span> <span class='ocrx_word' id='word_1_191' title='bbox 951 2986 1187 3045; x_wconf 77' lang='lat' dir='ltr'><strong>diorum</strong></span> <span class='ocrx_word' id='word_1_192' title='bbox 1232 2985 1347 3045; x_wconf 90' lang='lat' dir='ltr'><strong>iter</strong></span> <span class='ocrx_word' id='word_1_193' title='bbox 1389 2981 1724 3062; x_wconf 81' lang='lat' dir='ltr'><strong>expedito⁸</strong></span> <span class='ocrx_word' id='word_1_194' title='bbox 1751 2996 1948 3062; x_wconf 87' lang='lat' dir='ltr'><strong>patet;</strong></span> <span class='ocrx_word' id='word_1_195' title='bbox 1995 2992 2119 3045; x_wconf 93' lang='lat' dir='ltr'><strong>non</strong></span> <span class='ocrx_word' id='word_1_196' title='bbox 2166 2984 2331 3043; x_wconf 91' lang='lat' dir='ltr'><strong>enim</strong></span> <span class='ocrx_word' id='word_1_197' title='bbox 2375 2983 2553 3044; x_wconf 91' lang='lat' dir='ltr'><strong>aliter</strong></span> 
     </span>
     <span class='ocr_line' id='line_1_26' title="bbox 455 3081 2554 3165; baseline -0.003 -17"><span class='ocrx_word' id='word_1_198' title='bbox 455 3092 622 3148; x_wconf 81' lang='lat' dir='ltr'><strong>finiri</strong></span> <span class='ocrx_word' id='word_1_199' title='bbox 666 3097 892 3165; x_wconf 87' lang='lat' dir='ltr'><strong>potest,</strong></span> <span class='ocrx_word' id='word_1_200' title='bbox 926 3105 1127 3164; x_wconf 92' lang='lat' dir='ltr'><strong>neque</strong></span> <span class='ocrx_word' id='word_1_201' title='bbox 1165 3082 1526 3146; x_wconf 71' lang='lat' dir='ltr'><strong>monsflras⁹</strong></span> <span class='ocrx_word' id='word_1_202' title='bbox 1555 3085 1840 3146; x_wconf 89' lang='lat' dir='ltr'><strong>itinerum</strong></span> <span class='ocrx_word' id='word_1_203' title='bbox 1874 3092 2193 3145; x_wconf 77' lang='lat' dir='ltr'><strong>novorunt.</strong></span> <span class='ocrx_word' id='word_1_204' title='bbox 2281 3083 2495 3145; x_wconf 91' lang='lat' dir='ltr'><strong>Oritur</strong></span> <span class='ocrx_word' id='word_1_205' title='bbox 2514 3081 2554 3117; x_wconf 87' lang='lat'><strong>¹⁰</strong></span> 
     </span>
     <span class='ocr_line' id='line_1_27' title="bbox 457 3185 2551 3258; baseline -0.002 -8"><span class='ocrx_word' id='word_1_206' title='bbox 457 3192 536 3250; x_wconf 89' lang='lat' dir='ltr'><strong>ab</strong></span> <span class='ocrx_word' id='word_1_207' title='bbox 571 3188 1002 3248; x_wconf 73' lang='lat' dir='ltr'><strong>Helvetiorum</strong></span> <span class='ocrx_word' id='word_1_208' title='bbox 1035 3197 1098 3247; x_wconf 91' lang='lat' dir='ltr'><strong>et</strong></span> <span class='ocrx_word' id='word_1_209' title='bbox 1139 3189 1472 3247; x_wconf 91' lang='lat' dir='ltr'><strong>Nemetum</strong></span> <span class='ocrx_word' id='word_1_210' title='bbox 1517 3195 1580 3245; x_wconf 92' lang='lat' dir='ltr'><strong>et</strong></span> <span class='ocrx_word' id='word_1_211' title='bbox 1627 3189 2047 3246; x_wconf 77' lang='lat' dir='ltr'><strong>Rauracorum</strong></span> <span class='ocrx_word' id='word_1_212' title='bbox 2078 3185 2328 3258; x_wconf 82' lang='lat' dir='ltr'><strong>finibuS,</strong></span> <span class='ocrx_word' id='word_1_213' title='bbox 2362 3192 2551 3245; x_wconf 74' lang='lat' dir='ltr'><strong>recto.-</strong></span> 
     </span>
    </p>

    <p class='ocr_par' dir='ltr' id='par_1_13' title="bbox 356 3286 2552 3569">
     <span class='ocr_line' id='line_1_28' title="bbox 356 3286 2552 3368; baseline -0 -22"><span class='ocrx_word' id='word_1_214' title='bbox 356 3310 418 3363; x_wconf 85' lang='lat'><strong>25</strong></span> <span class='ocrx_word' id='word_1_215' title='bbox 457 3310 577 3368; x_wconf 92' lang='lat' dir='ltr'><strong>que</strong></span> <span class='ocrx_word' id='word_1_216' title='bbox 610 3288 879 3348; x_wconf 73' lang='lat' dir='ltr'><strong>fluminis</strong></span> <span class='ocrx_word' id='word_1_217' title='bbox 927 3290 1175 3347; x_wconf 72' lang='lat' dir='ltr'><strong>Danuvi</strong></span> <span class='ocrx_word' id='word_1_218' title='bbox 1219 3288 1472 3365; x_wconf 78' lang='lat' dir='ltr'><strong>regione</strong></span> <span class='ocrx_word' id='word_1_219' title='bbox 1518 3286 1785 3363; x_wconf 89' lang='lat' dir='ltr'><strong>pertinet</strong></span> <span class='ocrx_word' id='word_1_220' title='bbox 1828 3288 1906 3345; x_wconf 91' lang='lat' dir='ltr'><strong>ad</strong></span> <span class='ocrx_word' id='word_1_221' title='bbox 1951 3287 2098 3345; x_wconf 81' lang='lat' dir='ltr'><strong>finis</strong></span> <span class='ocrx_word' id='word_1_222' title='bbox 2144 3288 2453 3345; x_wconf 69' lang='lat' dir='ltr'><strong>Dacorum</strong></span> <span class='ocrx_word' id='word_1_223' title='bbox 2490 3295 2552 3345; x_wconf 90' lang='lat' dir='ltr'><strong>et</strong></span> 
     </span>
     <span class='ocr_line' id='line_1_29' title="bbox 457 3384 2551 3462; baseline -0.003 -11"><span class='ocrx_word' id='word_1_224' title='bbox 457 3389 817 3462; x_wconf 89' lang='lat' dir='ltr'><strong>Anartium;</strong></span> <span class='ocrx_word' id='word_1_225' title='bbox 864 3388 1011 3448; x_wconf 91' lang='lat' dir='ltr'><strong>hinc</strong></span> <span class='ocrx_word' id='word_1_226' title='bbox 1054 3395 1120 3448; x_wconf 76' lang='lat' dir='ltr'><strong>so</strong></span> <span class='ocrx_word' id='word_1_227' title='bbox 1152 3388 1344 3448; x_wconf 88' lang='lat' dir='ltr'><strong>flectit</strong></span> <span class='ocrx_word' id='word_1_228' title='bbox 1364 3384 1403 3419; x_wconf 91' lang='lat'><strong>¹¹</strong></span> <span class='ocrx_word' id='word_1_229' title='bbox 1436 3386 1827 3447; x_wconf 78' lang='lat' dir='ltr'><strong>sinistrorsus</strong></span> <span class='ocrx_word' id='word_1_230' title='bbox 1872 3388 2132 3447; x_wconf 92' lang='lat' dir='ltr'><strong>diversis</strong></span> <span class='ocrx_word' id='word_1_231' title='bbox 2175 3386 2254 3446; x_wconf 91' lang='lat' dir='ltr'><strong>ab</strong></span> <span class='ocrx_word' id='word_1_232' title='bbox 2298 3384 2551 3445; x_wconf 73' lang='lat' dir='ltr'><strong>flumine</strong></span> 
     </span>
     <span class='ocr_line' id='line_1_30' title="bbox 455 3485 2550 3569; baseline -0.003 -20"><span class='ocrx_word' id='word_1_233' title='bbox 455 3489 814 3569; x_wconf 89' lang='lat' dir='ltr'><strong>regionibus</strong></span> <span class='ocrx_word' id='word_1_234' title='bbox 859 3490 1311 3566; x_wconf 66' lang='lat' dir='ltr'><strong>multarumque</strong></span> <span class='ocrx_word' id='word_1_235' title='bbox 1356 3487 1632 3565; x_wconf 87' lang='lat' dir='ltr'><strong>gentium</strong></span> <span class='ocrx_word' id='word_1_236' title='bbox 1681 3488 1831 3546; x_wconf 83' lang='lat' dir='ltr'><strong>finis</strong></span> <span class='ocrx_word' id='word_1_237' title='bbox 1883 3495 2138 3564; x_wconf 91' lang='lat' dir='ltr'><strong>propter</strong></span> <span class='ocrx_word' id='word_1_238' title='bbox 2186 3485 2550 3563; x_wconf 73' lang='lat' dir='ltr'><strong>magnitudi-</strong></span> 
     </span>
    </p>
   </div>
   <div class='ocr_carea' id='block_1_7' title="bbox 454 3626 2551 3873">
    <p class='ocr_par' dir='ltr' id='par_1_14' title="bbox 454 3626 2551 3873">
     <span class='ocr_line' id='line_1_31' title="bbox 544 3626 2551 3705; baseline -0.002 -14"><span class='ocrx_word' id='word_1_239' title='bbox 544 3640 631 3691; x_wconf 83' lang='lat' dir='ltr'><strong>cf.</strong></span> <span class='ocrx_word' id='word_1_240' title='bbox 666 3638 685 3673; x_wconf 87' lang='lat'>¹</span> <span class='ocrx_word' id='word_1_241' title='bbox 709 3637 1079 3705; x_wconf 70' lang='lat' dir='ltr'><strong>perfugitum.</strong></span> <span class='ocrx_word' id='word_1_242' title='bbox 1095 3636 1201 3675; x_wconf 82' lang='lat'><strong>—2</strong></span> <span class='ocrx_word' id='word_1_243' title='bbox 1224 3639 1509 3690; x_wconf 81' lang='lat' dir='ltr'><strong>habentur.</strong></span> <span class='ocrx_word' id='word_1_244' title='bbox 1529 3665 1598 3673; x_wconf 98' lang='lat'><strong>—</strong></span> <span class='ocrx_word' id='word_1_245' title='bbox 1613 3636 1636 3670; x_wconf 82' lang='lat'><strong>⁸</strong></span> <span class='ocrx_word' id='word_1_246' title='bbox 1658 3637 1980 3690; x_wconf 74' lang='lat' dir='ltr'><strong>dotrahitur.</strong></span> <span class='ocrx_word' id='word_1_247' title='bbox 1999 3664 2068 3672; x_wconf 97' lang='lat'><strong>—</strong></span> <span class='ocrx_word' id='word_1_248' title='bbox 2081 3634 2103 3668; x_wconf 84' lang='lat'><strong>⁴</strong></span> <span class='ocrx_word' id='word_1_249' title='bbox 2127 3626 2321 3687; x_wconf 66' lang='lat' dir='ltr'><strong>adhoc.</strong></span> <span class='ocrx_word' id='word_1_250' title='bbox 2337 3663 2405 3671; x_wconf 92' lang='lat'>—</span> <span class='ocrx_word' id='word_1_251' title='bbox 2421 3632 2444 3667; x_wconf 80' lang='lat'><strong>⁶</strong></span> <span class='ocrx_word' id='word_1_252' title='bbox 2466 3633 2551 3686; x_wconf 71' lang='lat' dir='ltr'><strong>fi-</strong></span> 
     </span>
     <span class='ocr_line' id='line_1_32' title="bbox 454 3718 2546 3786; baseline -0.004 -9"><span class='ocrx_word' id='word_1_253' title='bbox 454 3739 619 3777; x_wconf 82' lang='lat' dir='ltr'><strong>mam.</strong></span> <span class='ocrx_word' id='word_1_254' title='bbox 636 3752 705 3760; x_wconf 97' lang='lat'><strong>—</strong></span> <span class='ocrx_word' id='word_1_255' title='bbox 716 3724 738 3757; x_wconf 78' lang='lat'><strong>⁶</strong></span> <span class='ocrx_word' id='word_1_256' title='bbox 756 3723 1004 3776; x_wconf 80' lang='lat' dir='ltr'><strong>scientia.</strong></span> <span class='ocrx_word' id='word_1_257' title='bbox 1020 3751 1089 3759; x_wconf 90' lang='lat'>—</span> <span class='ocrx_word' id='word_1_258' title='bbox 1101 3720 1121 3755; x_wconf 87' lang='lat'>⁷</span> <span class='ocrx_word' id='word_1_259' title='bbox 1156 3723 1339 3775; x_wconf 82' lang='lat' dir='ltr'><strong>donat.</strong></span> <span class='ocrx_word' id='word_1_260' title='bbox 1357 3750 1426 3757; x_wconf 89' lang='lat'><strong>—</strong></span> <span class='ocrx_word' id='word_1_261' title='bbox 1438 3720 1460 3754; x_wconf 76' lang='lat'>⁸</span> <span class='ocrx_word' id='word_1_262' title='bbox 1484 3737 1603 3785; x_wconf 90' lang='lat' dir='ltr'><strong>opp.</strong></span> <span class='ocrx_word' id='word_1_263' title='bbox 1642 3721 1925 3786; x_wconf 78' lang='lat' dir='ltr'><strong>impedito.</strong></span> <span class='ocrx_word' id='word_1_264' title='bbox 1938 3718 2041 3757; x_wconf 81' lang='lat'><strong>—⁹</strong></span> <span class='ocrx_word' id='word_1_265' title='bbox 2056 3718 2546 3785; x_wconf 71' lang='lat' dir='ltr'><strong>longitudinem.—</strong></span> 
     </span>
     <span class='ocr_line' id='line_1_33' title="bbox 454 3804 1384 3873; baseline -0.005 -12"><span class='ocrx_word' id='word_1_266' title='bbox 454 3808 496 3843; x_wconf 87' lang='lat'><strong>¹⁰</strong></span> <span class='ocrx_word' id='word_1_267' title='bbox 522 3808 745 3860; x_wconf 86' lang='lat' dir='ltr'><strong>initium</strong></span> <span class='ocrx_word' id='word_1_268' title='bbox 766 3808 934 3873; x_wconf 77' lang='lat' dir='ltr'><strong>capit.</strong></span> <span class='ocrx_word' id='word_1_269' title='bbox 949 3835 1017 3843; x_wconf 92' lang='lat'><strong>—</strong></span> <span class='ocrx_word' id='word_1_270' title='bbox 1031 3804 1074 3839; x_wconf 84' lang='lat'><strong>¹²</strong></span> <span class='ocrx_word' id='word_1_271' title='bbox 1098 3806 1384 3858; x_wconf 82' lang='lat' dir='ltr'><strong>convertit.</strong></span> 
     </span>
    </p>
   </div>
  </div>
 </body>
</html>
