2819 4297
306 294 368 344 Β.
394 294 461 344 G.
485 295 551 343 v.
576 294 650 360 9·]
818 283 1075 347 Second
1114 281 1433 348 Invasion
1480 285 1564 367 of
1598 284 1894 348 Britain.
2277 299 2396 363 123

303 483 487 535 —eu
533 476 738 537 minus
790 477 1017 536 veritus
1068 477 1351 549 navibus
1402 476 1572 553 quod
1618 477 1682 535 in
1734 477 1913 536 litore
1959 471 2168 535 molli¹
2216 484 2402 551 atque

307 583 526 653 apertu
550 577 852 656 deligatus
882 578 962 638 ad
992 587 1252 637 ancoras
1272 577 1680 654 relinquebat.
1765 579 1837 637 Ei
1882 574 2194 654 praesidio
2237 573 2402 634 nuvi-

306 678 553 755 busque
582 679 659 754 Q.
693 665 934 738 Atrium
979 679 1294 754 praefecit.
1388 681 1534 756 Ipse
1582 687 1768 738 noctu
1815 671 2207 755 prugressus¹
2233 675 2403 734 milia

307 797 610 854 passuum
638 778 879 838 circiter
925 796 1021 838 xn
1070 779 1344 838 hostium
1394 778 1605 857 cupias
1654 777 2050 855 cunspicatus
2100 785 2214 837 est.
2305 775 2402 833 Illi

309 878 590 956 equitatu
614 889 798 955 atque
830 880 1069 939 essedis
1101 879 1180 939 ad
1209 879 1439 938 flumen
1471 886 1779 955 progressi
1811 897 1886 936 ex
1916 876 2054 936 locu
2086 875 2401 952 superiore

311 986 558 1038 nostrus
637 975 1000 1053 prohibere*¹
1072 986 1133 1036 et
1208 977 1504 1052 proelium
1594 977 1974 1036 committere
2045 982 2396 1051 coeperunt.

2476 900 2497 950 5

1117 2799 1216 2843 Fre.
1236 2801 1300 2840 68.
1313 2821 1362 2828 -
1372 2799 1604 2840 Tus-runo.

323 2968 579 3045 Repulsi
626 2969 704 3027 ab
750 2968 1026 3044 equitatu
1085 2975 1151 3026 se
1196 2968 1258 3026 in
1304 2966 1493 3026 silvas
1552 2968 1936 3039 abdiderunt,
1986 2968 2183 3027 locum
2245 2980 2407 3029 nacti

320 3067 562 3146 egregie
607 3077 668 3126 et
711 3077 928 3127 nutura
972 3078 1034 3127 et
1090 3087 1275 3144 opere
1320 3076 1635 3139 munitum,
1672 3087 1853 3144 quem
1898 3068 2221 3127 domestici
2263 3069 2407 3128 belli

326 3168 423 3247 (ut
464 3167 859 3249 videbantur)
895 3177 1082 3228 causei
1141 3169 1260 3226 iam
1307 3177 1452 3226 ante
1495 3178 2052 3244 praeparaverant3
2099 3189 2243 3227 nam
2287 3177 2408 3229 cre-

318 3265 479 3328 bris⁴
530 3268 854 3328 arboribus
913 3277 1170 3328 succisis
1223 3274 1440 3327 omnes
1493 3266 1808 3327 introitus‘⁵
1853 3279 2028 3327 erant
2085 3269 2404 3345 praeclusi.

324 3371 454 3446 Ipsi
483 3387 558 3427 ex
590 3368 758 3428 silvis
790 3376 908 3427 rari
939 3369 1411 3445 propugnabant
1458 3375 1821 3443 nostrosque
1852 3368 2012 3427 intra
2041 3370 2409 3430 munitiones

320 3465 598 3545 ingredi⁶
655 3468 1085 3545 prohibebant.
1197 3471 1280 3527 At
1339 3469 1564 3528 milites
1622 3468 1883 3545 legionis
1933 3487 2042 3540 vn,
2098 3471 2409 3530 testudine

317 3568 485 3627 facta
541 3577 603 3628 et
661 3587 880 3644 aggere
940 3570 1019 3626 ad
1076 3569 1448 3627 munitiones
1509 3565 1800 3640 adiecto,⁷
1856 3568 2057 3626 locum
2116 3576 2411 3645 ceperunt

410 3717 493 3767 Cf.
530 3716 549 3751 ¹
575 3716 771 3769 liniter
816 3717 1038 3769 acclivi.
1076 3746 1143 3754 —
1164 3716 1187 3749 2
1210 3716 1504 3783 profectus.
1532 3745 1597 3752 —
1621 3715 1644 3750 ⁸
1668 3718 1947 3783 impedire.
1974 3745 2040 3754 —-
2062 3718 2085 3750 ⁴
2108 3719 2319 3768 multis.
2343 3746 2413 3756 —

318 3800 341 3834 ⁶
364 3801 568 3867 aditus,
595 3816 718 3865 opp.
742 3801 941 3852 exitus.
961 3800 1061 3836 —0
1088 3802 1330 3852 introire.
1352 3800 1454 3838 ——7
1478 3803 1766 3854 exstructo.

2459 3294 2511 3327 10
