2819 4297
311 313 373 362 Β.
399 313 464 363 G.
488 314 553 362 v.
578 309 667 378 7.]'
824 302 1085 369 Second
1121 303 1442 366 Invasion
1488 304 1571 386 qf
1605 303 1899 367 Britain.
2280 321 2398 369 121

309 493 623 572 principes
682 493 924 554 Galliae
970 493 1315 567 sollicitare,
1364 502 1655 555 sevocare
1701 496 1992 573 singu16S,
2053 497 2406 573 hortarique

310 594 518 672 coepit
548 603 635 653 uti
666 594 730 653 in
762 594 1107 654 continenti
1138 602 1526 654 remanerent
1554 620 1568 667 3
1614 605 1781 655 metii
1812 596 2083 657 territare
2116 605 2237 656 nen
2271 597 2405 656 sine

309 703 502 755 causa
558 695 690 754 fieri
735 704 803 755 ut
849 694 1051 755 Gallia
1093 703 1262 755 omni
1308 696 1632 756 nebilitate
1678 695 2117 774 spoliaretur;¹
2159 697 2223 756 id
2266 716 2405 757 esse

310 795 637 856 censilium
670 794 957 856 Caesaris
990 805 1071 870 ut,
1107 794 1351 873 quasin
1401 804 1741 874 censpectfi
1779 797 2018 857 Galliae
2064 798 2404 858 interficere

309 903 639 969 vereretur,
662 896 779 955 hes
808 904 1010 956 omnis
1039 895 1103 954 in
1134 895 1516 968 Britanniam
1546 897 1863 958 traductas
1894 907 2173 970 necaret3
2218 898 2403 958 fidem
2477 915 2504 970 5

308 996 562 1073 reliquis
602 997 1009 1073 interpenere,
1045 995 1139 1055 ias
1170 995 1496 1056 ifirandum
1527 1016 1784 1074 poscere
1810 1007 1891 1072 ut,
1925 997 2093 1075 quod
2124 1017 2262 1058 esse
2289 996 2406 1058 ²ex

311 1106 429 1156 iisfi
471 1096 711 1157 Galliae
740 1096 1205 1169 intellexissent,
1240 1105 1551 1156 commimi
1594 1098 1856 1158 censilie
1887 1097 2401 1159 administrarent.

314 1198 498 1256 Haec
526 1205 564 1256 a
594 1196 1007 1273 compleribus
1038 1196 1119 1255 ad
1143 1198 1474 1258 Caesarem
1506 1197 1957 1258 deferebantur.

788 1379 971 1431 might,
990 1378 1214 1431 Capture,
1244 1380 1341 1421 and
1370 1379 1529 1421 Death
1558 1380 1610 1421 of
1637 1379 1918 1422 Dumnorix.

400 1507 451 1556 ¹7.
512 1498 655 1573 Qua
684 1505 750 1557 re
779 1498 1027 1575 cegnita
1068 1500 1314 1570 Caesar,
1343 1499 1511 1575 quod
1560 1508 1796 1559 tantum
1829 1499 2064 1560 civitati
2097 1501 2402 1561 Haeduae

313 1598 637 1677 dignitatis
660 1594 683 1629 ⁸
725 1598 1052 1672 tribuebat,
1084 1599 1495 1658 coercendum
1517 1596 1547 1677 ⁴,
1570 1609 1755 1676 atque
1801 1601 2233 1661 deterrendum
2278 1600 2403 1678 qui·
2444 1618 2503 1654 10

310 1700 694 1776 buscumque
725 1698 912 1757 rebus
943 1708 1154 1775 posset
1201 1700 1645 1778 Dumnorigem
1679 1701 2029 1774 statuebat3
2078 1701 2247 1779 quod
2277 1701 2402 1761 lon·

309 1798 452 1878 gius
505 1799 638 1858 eius
679 1798 1012 1858 amentiam
1058 1796 1384 1875 pregredi⁶
1431 1799 1701 1874 videbat,
1751 1797 2282 1878 prespiciendum⁶
2324 1809 2403 1861 ne

313 1898 465 1977 quid
488 1898 712 1958 sibiae
743 1906 831 1958 rei
861 1898 1143 1976 publicae
1187 1897 1441 1959 nocere⁷
1480 1910 1709 1977 posset.
1802 1904 2021 1977 Itaque
2062 1902 2195 1961 dies
2235 1901 2405 1961 circi-

309 2008 406 2059 ter
437 2016 566 2057 xxv
597 1998 660 2057 in
701 2006 776 2059 ee
808 1999 946 2058 loce
986 2007 1413 2073 commoratuS,
1449 2000 1617 2076 quod
1662 2002 1860 2061 Carus
1894 2012 2116 2062 ventus
2160 2003 2404 2081 naviga-

308 2098 547 2160 tienem
577 2099 970 2177 impediebat,
1008 2108 1115 2176 qui
1151 2108 1438 2179 magnam
1486 2109 1723 2178 partem
1767 2102 1969 2162 omnis
2014 2102 2307 2181 temporis
2338 2102 2401 2162 in
2443 2117 2503 2173 15

309 2200 411 2260 his
442 2200 594 2260 locis
623 2200 773 2259 flare
810 2199 1175 2273 censuevit,⁸
1219 2197 1446 2261 ⁹dabat
1477 2220 1728 2279 operam
1770 2213 1835 2261 ut
1865 2203 1928 2261 in
1971 2204 2172 2264 officie
2214 2206 2402 2262 Dum-

311 2284 591 2379 norigem
621 2300 998 2371 contineret;
1046 2300 1239 2360 nihile
1271 2311 1479 2361 tamen
1512 2304 1715 2362 secius
1743 2303 1949 2362 omnia
1979 2304 2110 2363 eius
2142 2304 2403 2364 censilia

308 2408 736 2479 cegnesceret.
825 2401 1107 2459 Tandem
1148 2401 1437 2461 ideneam
1467 2412 1687 2462 nactus
1718 2412 2147 2481 tempestatem
2178 2404 2401 2464 milites

309 2501 682 2579 equitesque
710 2501 1129 2561 censcendere
1160 2510 1336 2561 navis
1366 2502 1554 2563 iubet.
1645 2506 1729 2563 At
1768 2504 2041 2563 omnium
2091 2504 2401 2583 impedItis

310 2603 537 2662 animis
571 2603 914 2662 Dumnorix
944 2621 1082 2661 cum
1119 2603 1432 2679 equitibus
1476 2604 1880 2665 Haeduerum
1909 2614 1946 2664 a
1977 2615 2195 2666 castris
2225 2607 2404 2666 insci·
2439 2624 2503 2659 20

310 2713 457 2763 ente
511 2704 780 2763 Caesare
824 2703 1073 2762 domum
1133 2703 1453 2764 discedere
1511 2705 1734 2781 coepit.
1825 2706 1966 2780 Qua
2010 2714 2073 2766 re
2125 2708 2403 2766 nantiata

311 2805 567 2875 Caesar,
607 2802 957 2863 intermissa
990 2801 1433 2880 profectiene¹⁰
1476 2814 1664 2881 atque
1695 2806 1982 2866 omnibus
2011 2808 2196 2866 rebus
2241 2816 2404 2884 post-

307 2903 550 2983 positis,
612 2911 895 2982 magnam
954 2912 1189 2981 partem
1248 2905 1558 2981 equitatus
1617 2906 1697 2965 ad
1755 2925 1894 2965 eum
1953 2907 2401 2983 insequendum

309 3004 499 3064 mittit
528 3005 877 3081 retrahique
910 3004 1202 3082 imperat3
1251 3014 1302 3063 si
1332 3002 1506 3064 ¹¹vim
1549 3007 1739 3066 faciat
1769 3025 1970 3083 neque
2001 3004 2276 3085 pareat‚¹²
2318 3008 2403 3066 in-

311 3105 506 3165 terfici
537 3105 708 3165 iubet
735 3128 748 3177 3
795 3104 946 3163 nihil
979 3105 1145 3165 hunc
1188 3112 1256 3164 se
1289 3106 1544 3166 absente
1589 3115 1700 3185 pre
1730 3115 1886 3167 sane
1917 3109 2217 3167 facturum
2250 3107 2404 3167 arbi·
2440 3121 2503 3176 25

308 3214 510 3266 tratus
561 3214 668 3283 qui
719 3205 1061 3283 praesentis
1115 3205 1437 3283 imperium
1456 3203 1500 3239 ¹⁸
1551 3208 1936 3284 neglexisset.
2026 3210 2139 3267 Ille
2198 3218 2402 3268 autem

308 3314 639 3366 revocatus
668 3306 953 3367 resistere
999 3326 1075 3367 ac
1099 3314 1166 3366 se
1214 3317 1399 3367 mansi
1448 3307 1785 3369 defendere
1816 3317 2188 3386 suarumque
2216 3310 2405 3370 fidem

309 3406 640 3484 implerare
671 3406 892 3482 coepit,
926 3427 1112 3485 saepe
1143 3408 1470 3468 clamitans
1500 3408 1762 3470 liberum
1794 3416 1859 3468 se
1882 3410 2235 3486 liberaeque
2266 3429 2404 3470 esse

402 3571 486 3622 Cf.
532 3571 553 3606 ²
587 3572 912 3639 privaretur.
939 3599 1008 3608 —
1028 3570 1051 3604 2
1072 3572 1216 3624 sisui.
1242 3601 1311 3610 —
1332 3571 1354 3605 ⁸
1377 3575 1738 3628 aucteritatis.
1765 3605 1833 3613 —
1852 3574 1874 3609 ¹
1898 3576 2313 3641 reprimendum.
2336 3604 2409 3613 —

307 3653 332 3689 ⁶
354 3656 652 3721 precedere.
674 3655 774 3693 -θ
798 3656 1209 3721 previdendum.
1226 3685 1295 3694 —
1309 3655 1331 3689 ⁷
1358 3657 1586 3709 iniirrias
1622 3657 1840 3710 inferre.
1866 3688 1933 3696 —
1953 3658 1974 3691 ⁸
2000 3659 2196 3711 solitus
2220 3661 2410 3711 est.—

307 3736 332 3772 ⁹
355 3739 649 3792 nitebatur.
673 3768 743 3777 -
759 3737 801 3773 ¹⁰
825 3740 1174 3795 discessiene.
1198 3768 1268 3779 —
1289 3738 1335 3775 ²¹
1358 3741 1602 3794 resistat.
1620 3769 1689 3781 —
1706 3739 1750 3777 ²2
1772 3741 1915 3799 dicte
1961 3741 2185 3797 audiens
2230 3740 2411 3796 eit.—

306 3820 356 3856 ¹⁸
377 3823 781 3896 auctariffitem,
817 3824 1050 3881 nissum.
