2819 4297
244 283 302 333 Β.
323 284 388 333 G.
411 284 507 332 IV.
533 283 634 349 17·]
725 269 1092 357 Campazgn
1121 272 1392 357 against
1424 273 1532 337 tlte
1568 273 1907 339 Germans.
2216 292 2339 359 103

243 473 439 525 invite
484 465 832 525 Germanas
883 464 947 524 in
992 465 1259 525 Galliam
1318 474 1581 526 transire
1635 473 1759 526 nen
1821 485 2087 543 aequum
2137 468 2341 528 existi-

240 574 455 639 maret,
504 574 613 624 csir
656 574 753 625 sui
799 567 1128 643 quicquam
1182 584 1320 626 esse
1374 565 1592 643 imperi
1639 576 1744 626 aut
1794 567 2118 644 potestatis
2169 576 2341 629 trans

242 668 536 728 Rhenum
580 665 994 744 postularet?'
1086 665 1240 726 Ubii
1284 676 1508 738 autem,
1566 675 1672 743 qui
1716 675 1821 725 imi
1880 685 1955 726 ex
2006 668 2340 728 Transrhe-

241 778 425 828 nanis
470 767 551 826 ad
597 769 930 827 Caesarem
985 767 1222 843 legates
1282 775 1592 839 miserant,
1650 766 1981 826 amicitiam
2038 768 2335 843 fecerant,

240 869 496 929 obsides
565 868 884 941 dederant,
950 876 1325 943 magnopere
1401 867 1661 927 erabant
1719 877 1784 926 ut
1858 867 1977 926 sibi
2046 868 2338 928 auxilium
2408 895 2439 948 5

238 971 446 1043 ferret,
508 969 676 1047 quod
735 968 1005 1046 graviter
1063 968 1141 1028 ab
1206 969 1422 1026 Suevis
1483 976 1939 1044 premerentur;
2000 968 2116 1041 vel,
2169 977 2223 1027 si
2275 969 2339 1029 id

239 1072 449 1131 facere
494 1069 1008 1147 occupatienibus
1061 1077 1151 1127 rei
1195 1067 1480 1145 publicae
1526 1068 1969 1145 prohiberetur,
2005 1069 2339 1129 exercitum

240 1172 431 1231 modo
477 1172 781 1230 Rhenum.
799 1178 1279 1247 transportaret;
1331 1167 1395 1226 id
1430 1168 1549 1227 sibi
1579 1169 1669 1245 qd
1704 1168 1996 1227 auxilium
2039 1188 2337 1247 spemque

239 1271 463 1347 reliqui
505 1271 801 1347 temporis
845 1271 996 1330 satis
1041 1272 1329 1330 futurum.
1422 1271 1694 1328 Tantum
1725 1288 1862 1328 esse
1894 1277 2120 1330 nemen
2154 1280 2338 1346 atque

240 1372 599 1449 opinienem
641 1371 774 1431 eius
814 1371 1117 1431 exercitus
1162 1370 1479 1431 Arioviste
1520 1369 1701 1447 pulse
1742 1378 1805 1429 et
1848 1370 1967 1429 hec
1998 1369 2338 1431 novissime
2376 1394 2439 1431 10

240 1472 481 1550 proelie
520 1473 692 1532 facte
738 1471 923 1531 etiam
965 1473 1045 1531 ad
1077 1471 1321 1531 ultimas
1350 1469 1371 1503 ²
1417 1472 1866 1530 Germanarum
1912 1470 2213 1543 natieneS,
2247 1480 2338 1531 uti

240 1573 537 1649 opiniene
598 1582 661 1632 et
720 1572 988 1632 amicitia
1060 1571 1275 1649 populi
1353 1573 1622 1631 Remani
1692 1580 1807 1630 ti‘iti
1865 1590 2004 1631 esse
2061 1582 2335 1648 possent.

243 1674 513 1732 Navium
581 1681 868 1750 magnam
936 1672 1178 1748 cepiam
1252 1671 1332 1730 ad
1402 1671 1947 1748 transportandum
2007 1671 2339 1732 exercitum

240 1776 711 1854 pollicebantur.

930 1907 1239 1959 Description
1267 1907 1320 1948 of
1344 1907 1430 1948 the
1457 1906 1653 1958 Bridge.

330 2054 424 2104 17.
486 2047 718 2106 Caesar
763 2044 860 2103 his
908 2044 985 2103 de
1039 2051 1242 2103 causis
1305 2051 1459 2119 quas
1520 2053 1992 2103 commemoravi
2047 2045 2333 2104 Rhenum
2375 2059 2435 2115 15

239 2155 505 2206 transire
537 2145 931 2217 decreverat;
980 2143 1090 2204 sed
1124 2142 1386 2202 navibus
1432 2152 1692 2202 transire
1725 2163 1925 2220 neque
1957 2143 2111 2204 satis
2141 2155 2337 2212 tutum

240 2266 386 2306 esse
431 2246 855 2317 arbitrabatur,
901 2263 1103 2320 neque
1150 2262 1298 2303 suae
1338 2262 1540 2320 neque
1574 2244 1786 2320 populi
1834 2247 2101 2304 Romani
2146 2245 2338 2323 digni·

240 2346 389 2406 tatis
420 2364 557 2405 esse
589 2347 917 2405 statuebat.
1012 2346 1249 2420 Itaque,
1286 2353 1403 2403 etsi
1438 2363 1676 2402 summa
1709 2344 2035 2404 difficultas
2068 2345 2338 2405 faciendi

242 2446 455 2524 pontis
496 2446 958 2522 prepenebatur
1003 2453 1254 2521 propter
1301 2444 1709 2518 latitudinem,
1758 2445 2169 2522 rapiditatem,
2210 2446 2340 2505 alti-

242 2546 645 2623 tudinemque
709 2546 991 2618 fluminis,
1059 2554 1267 2604 tamen
1339 2544 1404 2604 id
1466 2544 1585 2604 sibi
1663 2546 2166 2606 contendendum
2236 2557 2341 2607 aut
2379 2564 2442 2599 20

244 2647 425 2705 aliter
464 2654 589 2705 non
634 2647 1081 2706 traducendum
1129 2646 1463 2726 exercitum
1512 2648 1919 2708 existimabat.
2011 2648 2340 2709 Ratienem

244 2745 457 2824 pontis
486 2746 647 2805 hanc
684 2746 964 2806 instituit.
1057 2749 1259 2824 Tigna
1300 2748 1449 2806 bina
1491 2748 1950 2825 sesquipedalia
1981 2750 2230 2825 paulum
2262 2749 2340 2808 ab

246 2855 374 2907 ime
429 2856 775 2924 praeacfita,
839 2844 1160 2907 dimensa²
1221 2848 1302 2907 ad
1365 2847 1755 2909 altitfidinem
1819 2849 2101 2922 fliiminiS,
2163 2849 2341 2909 inter·

245 2947 410 3006 valle
439 2947 666 3023 pedum
707 2947 964 3007 duerum
998 2948 1158 3008 inter
1193 2956 1260 3009 se
1306 2950 1617 3027 iungebat.
1711 2952 1891 3010 Haec
1935 2969 2073 3009 cum
2120 2949 2341 3009 machi-

246 3046 606 3107 nationibus
636 3046 909 3107 immissa
941 3049 1002 3107 in
1034 3049 1262 3110 flumen
1296 3051 1600 3111 defixerat
1643 3051 2001 3127 fistucisque
2035 3052 2340 3126 adegerat,
2379 3062 2441 3117 25

247 3183 336 3191 —
357 3155 482 3207 nen
514 3148 788 3207 sublicae
832 3150 1017 3208 mode
1041 3151 1285 3211 derecte
1310 3154 1391 3212 ad
1437 3152 1962 3229 perpendiculum,
1995 3151 2107 3210 sed
2151 3157 2342 3227 prene

247 3266 327 3307 ac
369 3249 673 3326 fastigate,
710 3260 776 3309 ut
823 3251 1163 3309 secundum
1210 3261 1490 3311 naturam
1537 3251 1804 3310 fluminis
1849 3251 2339 3328 precumberent,

248 3358 449 3409 —eis
484 3349 638 3409 -item
684 3351 989 3410 contraria
1020 3351 1144 3410 duo
1178 3351 1257 3409 ad
1303 3351 1568 3410 eundem
1614 3351 1864 3410 modum
1911 3350 2117 3410 iuncta
2162 3349 2343 3408 inter-

250 3450 417 3510 valle
469 3452 694 3528 pedum
745 3452 1208 3527 quadragenum
1269 3451 1347 3509 ab
1401 3450 1690 3510 inferiere
1736 3460 1910 3527 parte
1959 3459 2172 3510 contra
2222 3449 2343 3508 vim

253 3561 442 3627 atque
470 3551 766 3628 impetum
815 3551 1084 3611 fluminis
1117 3569 1417 3611 conversa
1450 3551 1780 3609 statuebat.
1875 3552 2053 3609 Haec
2084 3559 2342 3626 utraque
2381 3573 2446 3625 30

253 3661 509 3729 insuper
565 3651 961 3728 bipedalibus
1020 3646 1340 3710 trabibus³
1397 3650 1705 3723 immissiS,
1767 3660 2063 3726 quantum
2133 3658 2345 3709 eerum

336 3799 421 3853 Cf.
445 3797 467 3833 ¹
489 3800 736 3871 ultimae,
763 3816 812 3869 p.
840 3815 919 3868 92,
943 3800 975 3849 1.
1004 3799 1081 3853 28.
1097 3799 1199 3837 —2
1221 3800 1486 3865 dimense,
1512 3799 1592 3857 62,
1624 3797 1814 3848 18.—⁸
1836 3799 2101 3865 trabibus,
2126 3797 2208 3864 83,
2234 3810 2278 3865 5.
