2819 4297
283 313 345 362 Β.
366 311 429 360 G.
452 311 548 359 IV.
575 309 681 376 ²3·]
830 297 1014 362 First
1057 298 1380 363 Invasz'on
1425 300 1509 381 of
1540 297 1833 361 Britain.
2255 312 2377 379 107

280 493 455 553 disse
488 491 837 565 arbitratu3‚
872 492 1040 568 quod
1075 510 1277 567 neque
1308 500 1451 567 post
1481 500 1719 567 tergum
1758 490 2001 550 hostem
2033 490 2378 567 relinquere

279 593 535 654 volebat
566 611 770 669 neque
800 591 949 651 belli
992 593 1248 669 gerendi
1283 600 1534 668 propter
1565 598 1713 649 anni
1744 600 1988 667 tempus
2019 591 2377 650 facultatem

278 693 556 752 habebat
603 711 807 768 neque
857 692 970 751 has
1028 691 1400 750 tantularum
1450 698 1650 750 rerum
1711 689 2197 767 occupati‹‘)nes1
2256 692 2379 751 Bri-

279 793 537 853 tanniae
607 792 1075 869 antepenendas
1146 791 1477 865 indicabat,
1541 799 1828 869 magnum
1902 800 1992 850 eis
2058 811 2377 851 numerum

282 893 578 953 obsidum
632 893 907 969 imperat.
947 953 956 960 ,
997 891 1242 966 Quibus
1297 892 1583 951 adductis
1636 899 1744 952 ees
1796 893 1859 950 in
1910 891 2096 952 fidem
2144 893 2374 970 recipit.

282 994 569 1053 Navibus
627 992 869 1053 circiter
932 1010 1110 1051 Lxxx
1173 992 1470 1052 onerariis
1530 1001 1763 1052 coactis
1827 993 2371 1074 [contractisque],

281 1103 440 1171 quot
470 1093 621 1153 satis
654 1112 791 1154 esse
823 1095 903 1153 ad
934 1093 1089 1153 duas
1119 1094 1630 1169 transportandas
1661 1094 1936 1172 legienes
1967 1094 2371 1167 existimabat,

281 1196 456 1272 quod
487 1203 805 1271 praeterea
835 1194 1081 1254 navium
1127 1194 1448 1270 longarum
1480 1194 1751 1253 habebat
1796 1202 2127 1271 quaesteri,
2162 1196 2378 1272 legatis

283 1295 745 1373 praefectisque
791 1295 1116 1355 distribuit.
1210 1297 1353 1353 Huc
1414 1296 1797 1354 accedebant
1849 1313 2011 1354 xvm
2063 1295 2376 1355 onerariae

281 1402 495 1468 naveS,
532 1413 690 1471 quae
728 1414 802 1454 ex
842 1402 918 1456 ee
958 1394 1097 1455 loce
1137 1404 1175 1454 a
1214 1395 1464 1455 milibus
1504 1414 1797 1472 passuum
1839 1413 1958 1455 vm
1999 1404 2185 1456 vente
2214 1403 2377 1456 tene·

282 1496 516 1555 bantur
559 1503 685 1572 que
729 1496 932 1554 minus
962 1496 1026 1554 in
1071 1497 1340 1556 eundem
1384 1506 1629 1574 portum
1669 1505 1879 1556 venire
1922 1507 2219 1572 possent;
2264 1497 2376 1556 has

280 1595 602 1673 equitibus
647 1596 978 1656 distribuit.
1069 1597 1398 1674 Reliquum
1460 1598 1791 1657 exercitum
1852 1597 2091 1657 Titurie
2145 1598 2378 1657 Sabine

284 1707 352 1757 et
401 1696 825 1785 Auruncu-leis)
885 1699 1107 1757 Cottae
1155 1698 1373 1775 legatis
1422 1697 1486 1756 in
1549 1698 1878 1775 Menapies
1927 1707 2111 1774 atque
2154 1697 2215 1756 in
2269 1705 2377 1758 ees

283 1804 485 1876 pages
535 1797 921 1857 Morinerum
971 1807 1012 1857 a
1059 1799 1283 1874 quibus
1332 1800 1413 1859 ad
1464 1818 1606 1858 eum
1665 1800 1850 1877 legati
1900 1806 2027 1858 nen
2083 1806 2379 1858 venerant

285 1898 645 1959 decendum
689 1898 896 1972 dedit3
947 1899 1282 1976 Sulpicium
1332 1901 1564 1958 Rufum
1610 1900 1879 1978 legatum
1923 1918 2063 1958 cum
2093 1907 2169 1959 ee
2212 1918 2380 1976 prae-

287 1999 454 2062 sidic')
484 2003 654 2077 quod
684 2001 836 2061 satis
866 2020 1005 2062 esse
1037 2003 1448 2062 arbitrabatur
1477 2013 1723 2080 portum
1753 2010 1965 2063 tenere
1995 2002 2188 2061 iussit.

333 2184 439 2227 The
465 2184 603 2227 Fleet
631 2185 833 2227 Crosses
858 2186 945 2227 the
973 2185 1208 2234 channa,
1231 2186 1382 2226 Finds
1411 2186 1660 2237 Difficulty
1687 2187 1737 2228 in
1767 2187 2008 2238 Lauding,
2039 2186 2135 2227 and
2162 2185 2338 2226 Comes

1192 2258 1245 2294 to
1271 2253 1482 2293 Anchor.

379 2380 475 2431 23.
538 2373 660 2432 His
704 2372 1058 2433 censtitfitis
1104 2374 1289 2433 rebus
1333 2369 1596 2433 nactus²
1636 2374 1923 2433 ideneam
1970 2373 2051 2432 ad
2094 2372 2380 2451 navigan-

294 2473 444 2532 dum
487 2482 917 2550 tempestatem
968 2474 1150 2534 tertia
1195 2475 1324 2534 fere
1374 2474 1585 2551 vigilia
1643 2473 1842 2546 solvit,
1893 2474 2258 2550 equitesque
2317 2472 2379 2531 in

298 2572 647 2634 ulterierem
706 2582 951 2649 portum
1009 2574 1299 2652 pregredi
1361 2584 1425 2634 et
1484 2583 1658 2633 navis
1717 2575 2136 2633 censcendere
2194 2584 2256 2633 et
2313 2580 2380 2632 se

294 2681 474 2749 sequi
522 2672 715 2732 iussit.
804 2665 864 2733 Ᾰ
919 2675 1146 2751 quibus
1193 2693 1331 2733 cum
1388 2676 1578 2751 paule
1635 2674 1870 2734 tardius
1918 2684 2084 2734 esset
2130 2674 2381 2734 admini-

297 2781 572 2846 stratum,
605 2772 740 2851 ipse
782 2773 938 2835 hera
982 2775 1104 2833 diei
1136 2772 1376 2835 circiter
1420 2784 1639 2851 quarta
1682 2795 1820 2834 cum
1864 2783 2077 2853 primis
2120 2776 2382 2835 navibus

300 2873 676 2932 Britanniam
726 2875 926 2953 attigit
970 2885 1154 2951 atque
1199 2875 1283 2934 ibi
1328 2876 1389 2933 in
1437 2875 1725 2935 omnibus
1770 2876 2029 2935 collibus
2067 2876 2382 2953 expositas

296 2973 570 3034 hostium
616 2975 828 3052 cepias
874 2984 1141 3035 armatas
1186 2975 1525 3052 censpexit.
1616 2976 1807 3036 Cuius
1866 2975 1986 3035 loci
2045 2977 2198 3035 haec
2256 2986 2387 3036 erat

298 3084 516 3136 natfira
546 3085 731 3153 atque
763 3076 849 3135 ita
884 3077 1197 3136 montibus
1229 3084 1490 3153 anguste
1521 3097 1689 3137 mare
1728 3077 2158 3137 continebatur
2190 3086 2279 3136 uti
2308 3096 2383 3137 ex

298 3176 454 3236 locis
498 3176 919 3253 superieribus
965 3178 1025 3235 in
1072 3177 1217 3236 litus
1263 3178 1452 3237 telum
1499 3175 1706 3255 adigi³
1748 3188 1977 3255 posset.
2073 3180 2261 3238 Hunc
2304 3179 2383 3236 ad

300 3276 742 3355 egrediendum
791 3285 1182 3355 nequaquam
1231 3279 1522 3339 ideneum
1583 3280 1783 3339 locum
1839 3280 2184 3352 arbitratuS,
2240 3279 2383 3338 dum

300 3378 572 3455 reliquae
620 3386 809 3439 naves
840 3387 917 3439 ee
960 3389 1361 3438 convenirent
1392 3380 1473 3438 ad
1516 3380 1729 3439 heram
1776 3389 2002 3440 uenam
2048 3381 2110 3438 in
2143 3389 2387 3439 ancoris

300 3480 699 3556 exspectavit.
809 3479 1064 3539 Interim
1124 3479 1343 3556 legatis
1402 3480 1790 3556 tribunisque
1849 3481 2109 3540 militum
2168 3500 2387 3539 convo-

301 3588 456 3640 catis
486 3589 550 3640 et
594 3599 754 3657 quae
800 3599 876 3639 ex
914 3580 1234 3640 Volusene
1279 3580 1676 3657 cegnevisset
1719 3591 1782 3641 et
1825 3601 1984 3657 quae
2029 3581 2161 3640 fieri
2204 3579 2390 3639 vellet

382 3747 466 3798 Cf.
491 3746 513 3781 1
538 3746 999 3813 occupatienibus,
1035 3762 1084 3810 p.
1117 3762 1223 3812 103,
1258 3747 1291 3796 1.
1316 3745 1482 3810 7.--2
1503 3749 1715 3813 nactus,
1751 3747 1830 3809 48,
1867 3746 2026 3816 5.—³
2049 3746 2387 3811 adigebatur,

297 3830 377 3893 84,
404 3844 447 3881 1.

2415 1422 2477 1457 10

2418 1921 2478 1975 15

2419 2693 2482 2728 20

2422 3190 2482 3241 25
