2819 4297
301 294 363 343 B.
389 293 454 344 G.
482 293 546 342 V.
572 292 678 359 43·]
819 282 1020 346 Fresh
1068 284 1353 368 Risings
1399 287 1481 367 of
1515 285 1622 348 tlte
1675 285 1900 351 Gauls.
2269 302 2386 370 145

303 482 473 534 meni
504 474 787 552 accipere
819 475 899 534 ab
930 476 1110 536 hoste
1150 484 1387 538 armate
1432 478 1896 553 condicienem3
1951 489 2003 540 si
2048 481 2127 540 ab
2170 476 2393 541 ¹armis

301 575 624 634 discedere
660 575 870 649 velint,
906 584 971 635 se
1021 577 1300 638 adiutere
1350 588 1599 639 utantur
1646 581 2007 658 legatusque
2048 582 2129 640 ad
2170 584 2393 642 Caesa-

301 694 432 735 rem
483 674 765 751 mittant3
829 684 1075 754 sperare
1135 685 1202 737 se
1259 686 1372 756 pre
1432 679 1564 738 eius
1611 680 1843 741 iustitia
1894 700 2053 759 quae
2103 681 2394 759 petierint

304 777 780 854 impetraturus!
2385 787 2392 793 '

938 927 1076 978 They
1104 928 1212 979 Lay
1240 929 1381 980 Siege
1408 934 1462 970 to
1488 930 1574 970 the
1601 929 1768 982 eamp.

388 1070 485 1120 42.
546 1063 648 1122 Ab
699 1063 817 1123 hec
865 1070 976 1140 spe
1021 1065 1252 1140 repulsi
1300 1064 1515 1123 Nervii
1551 1066 1713 1125 velle
1757 1067 1985 1143 pedum
2029 1084 2072 1125 x
2118 1077 2180 1126 et
2221 1068 2394 1128 fosse

304 1164 536 1241 pedum
582 1163 934 1241 quindecim
979 1164 1237 1223 hiberna
1282 1164 1556 1242 cingunt.
1668 1168 1847 1225 Haec
1899 1176 1961 1226 et
2012 1168 2393 1243 superierum

304 1271 608 1324 annerum
667 1263 1113 1324 censuetudine
1157 1272 1195 1324 a
1239 1266 1423 1324 nubis
1475 1263 1939 1342 cugneverant?
1977 1276 2039 1326 et
2091 1268 2392 1343 quusdam

304 1366 384 1424 de
437 1364 708 1425 exercitu
766 1372 934 1424 nacti
991 1372 1272 1441 captives
1324 1365 1404 1424 ab
1455 1364 1553 1424 his
1604 1367 2019 1442 docebantur3
2073 1368 2186 1427 sed
2230 1368 2393 1426 nulla

303 1467 815 1526 ferramentumm
867 1466 1046 1542 copia
1100 1485 1259 1543 quae
1322 1476 1532 1526 essent
1575 1467 1656 1525 ad
1698 1468 1864 1527 hunc
1906 1478 2083 1527 usum
2128 1464 2397 1540 idenea,³

303 1566 531 1645 gladiis
575 1567 883 1643 caespites
927 1567 1384 1639 circumcidere,
1432 1568 1717 1627 manibus
1768 1569 2119 1647 sagulisque
2170 1579 2392 1628 terram

306 1664 672 1726 exhaurire4
702 1669 1097 1745 cegebantur.
1188 1668 1329 1742 Qua
1373 1668 1623 1744 quidem
1669 1688 1744 1727 ex
1787 1676 1851 1728 re
1895 1669 2211 1728 hominum
2248 1670 2394 1727 mul-

305 1767 509 1828 titude
540 1775 833 1845 cugnesci
864 1767 1064 1845 potuit
1092 1792 1106 1842 ;
1151 1787 1294 1827 nam
1325 1769 1529 1828 minus
1561 1770 1728 1829 heris
1758 1770 1954 1829 tribus
1998 1770 2229 1828 milium
2260 1789 2394 1846 pas-

306 1887 488 1928 suum
518 1885 602 1926 xv
634 1868 696 1926 in
727 1868 984 1928 circuitu
1014 1867 1455 1930 munitienem⁵
1477 1871 1879 1946 perfecerunt.
1948 1867 1970 1901 ⁶
1991 1870 2392 1946 Reliquisque

308 1969 531 2028 diebus
561 1977 744 2028 turris
775 1968 855 2027 ad
887 1968 1275 2029 altitudinem
1307 1969 1467 2042 velli,
1502 1969 1682 2028 falcis
1722 1969 2204 2046 testudinesque,
2239 1978 2395 2048 ques

306 2069 496 2130 iidem
526 2079 754 2147 captivi
787 2070 1140 2143 docuerant,
1177 2078 1393 2147 parere
1424 2089 1498 2130 ac
1528 2071 1733 2130 facere
1764 2078 2116 2146 coeperunt.

510 2255 647 2307 They
676 2255 821 2296 Make
849 2265 878 2295 a
905 2254 1115 2295 Furious
1142 2254 1364 2303 Assault,
1393 2254 1578 2295 Which
1606 2254 1651 2294 is
1679 2254 1928 2305 Gallantly
1955 2255 2201 2296 Resisted.

389 2385 486 2435 43.
550 2376 826 2454 Septime
858 2374 1340 2453 oppugnetienis
1373 2374 1474 2433 die
1516 2375 1781 2434 maxime
1822 2377 2034 2434 coerte
2065 2382 2250 2434 vente
2279 2375 2391 2433 fer-

307 2486 512 2538 ventis
539 2478 754 2537 fusiles
789 2496 865 2538 ex
906 2475 1119 2554 argilla
1162 2475 1407 2553 glandis
1439 2476 1648 2534 fundis
1690 2485 1752 2535 et
1780 2476 2116 2535 fervefacta
2160 2472 2396 2535 iacula⁷

308 2579 370 2637 in
403 2586 598 2651 caSaS,
635 2597 794 2656 quae
825 2585 992 2638 mere
1035 2576 1276 2636 Gallice
1323 2584 1677 2635 stramentis
1723 2585 1899 2635 erant
1942 2584 2161 2649 tectae,
2194 2577 2393 2636 iacere

306 2686 663 2757 coeperunt.
754 2680 895 2738 Hae
930 2677 1208 2738 celeriter
1246 2684 1453 2753 ignem
1495 2677 2091 2754 comprehenderunt
2134 2686 2198 2736 et
2226 2686 2395 2736 venti

306 2780 734 2859 magnitudine
764 2779 825 2838 in
858 2797 1101 2839 omnem
1133 2776 1373 2837 locum⁸
1402 2785 1739 2837 castrerum
1772 2777 2154 2837 distulerunt.
2234 2779 2394 2837 Hos-

308 2888 403 2941 tes
448 2882 715 2941 maxime
759 2880 1042 2952 clamere,
1078 2889 1167 2939 sic
1215 2888 1305 2938 uti
1344 2886 1523 2955 parte.
1565 2878 1684 2936 iam
1716 2888 1900 2953 atque
1932 2878 2249 2955 expleret&
2277 2877 2394 2936 vic-

309 2983 486 3054 turi-i,
520 2989 701 3041 turris
732 2980 1196 3057 testudinesque
1232 2998 1412 3057 agere
1443 2989 1504 3038 et
1536 2979 1717 3038 scalis
1748 2978 1973 3037 vellum
2014 2976 2395 3037 adscendere

306 3092 663 3163 coeperunt.
754 3087 840 3144 At
885 3094 1058 3144 tanta
1102 3083 1362 3143 militum
1407 3079 1640 3142 virtus⁹
1686 3092 1869 3157 atque
1921 3101 1996 3141 ea
2045 3082 2396 3160 praesentia

306 3186 499 3246 animi
537 3186 656 3245 fuit
696 3194 779 3258 ut,
813 3204 952 3245 cum
996 3185 1270 3262 undique
1302 3184 1548 3243 flammei
1593 3190 1965 3242 torrerentur
2008 3182 2395 3259 maximeque

305 3286 566 3347 telerum
635 3286 1026 3346 multitudine
1099 3294 1520 3364 premerentur
1589 3302 1823 3360 suaque
1882 3283 2089 3342 omnia
2146 3282 2395 3360 impedi-

304 3397 518 3447 menta
543 3395 727 3465 atque
753 3395 953 3446 omnis
977 3387 1255 3447 fortunis
1281 3386 1661 3463 cenflagrere
1680 3381 1722 3417 ¹⁰
1751 3380 2241 3462 intellegerent,¹¹
2271 3392 2395 3444 nen

304 3488 496 3548 modo
551 3487 973 3568 [demigrandi
1021 3487 1242 3566 cause]
1300 3488 1376 3546 de
1430 3486 1591 3546 v‘alle
1646 3486 1973 3544 decederet
2032 3491 2231 3556 neme,
2286 3483 2397 3543 sed

393 3654 476 3704 Cf.
497 3653 517 3687 ¹
540 3654 746 3706 bellum
767 3655 1084 3720 relinquere.
1103 3681 1171 3690 —
1186 3652 1209 3686 ²
1227 3653 1546 3704 didicerant.
1562 3681 1631 3689 —
1643 3650 1665 3684 ⁸
1687 3653 1841 3717 apta.
1861 3680 1929 3689 —
1941 3651 1963 3684 4
1986 3652 2208 3704 effodere
2230 3652 2287 3702 et
2309 3664 2400 3701 ex-

304 3740 542 3805 ponere.
558 3737 661 3775 —⁶
685 3739 1098 3790 munimentum.
1119 3736 1221 3775 -θ
1245 3739 1455 3802 Ροεῐοξ.
1473 3765 1541 3774 -
1556 3734 1577 3769 ⁷
1603 3737 1733 3788 tela.
1753 3763 1820 3771 —
1832 3734 1853 3768 ⁸
1879 3738 2108 3800 partem.
2126 3733 2227 3771 —9
2245 3732 2401 3785 forti·

305 3824 458 3877 tado.
474 3849 543 3859 —
559 3808 602 3855 ³⁰
628 3822 825 3873 ardere.
846 3820 967 3859 —11
993 3821 1282 3873 sentirent.

2434 1594 2493 1628 10

2435 2092 2494 2146 15

2432 2798 2494 2832 20

2432 3296 2494 3351 ²5
