2819 4297
457 296 581 346 102
1191 279 1254 343 T
1243 280 1324 343 lte
1376 279 1599 343 Gallie
1644 279 1812 344 War.
2309 290 2544 356 [σεε-..ιιι

452 474 868 552 Rhenumque
923 472 1649 550 transierant—passim
1699 472 1913 551 fugere
1957 471 2200 550 coepit;
2260 472 2341 533 ad
2384 479 2545 549 ques

451 573 907 634 censectandes
951 576 1182 634 Caesar
1227 573 1570 650 equitatum
1615 573 1798 633 misit.

502 756 605 798 The
633 756 872 798 Germane
898 767 981 798 are
1008 757 1247 798 Defeated
1276 758 1374 798 and
1413 756 1554 805 Flee3
1593 756 1746 807 Many
1774 767 1857 798 are
1884 756 2020 798 Slain
2049 767 2104 797 or
2131 755 2303 798 Per-ish
2329 756 2381 797 in
2406 757 2494 798 the

1414 824 1575 864 River.

536 951 630 1000 1⁵.
690 943 984 1003 Germani
1013 953 1157 1020 post
1188 952 1425 1020 tergum
1444 939 1463 974 ¹
1487 943 1753 1002 clamere
1778 944 1990 1003 audite
2015 961 2154 1003 cum
2187 951 2335 1034 sues
2366 944 2543 1003 inter-

453 1044 554 1104 fici
582 1044 878 1115 viderent,
913 1052 1099 1102 armis
1145 1044 1405 1103 abiectis
1452 1051 1770 1121 signisque
1800 1043 2169 1103 militaribus
2216 1044 2444 1104 relictis
2477 1052 2545 1103 se

390 1161 417 1216 5
454 1164 530 1204 ex
559 1152 779 1204 castris
811 1144 1139 1218 eiecerunt,
1167 1153 1229 1204 et
1259 1163 1397 1204 cum
1431 1143 1509 1203 ad
1542 1143 1956 1203 cenfluentem
1992 1146 2210 1204 Mosae
2242 1154 2305 1204 et
2337 1145 2545 1204 Rheni

452 1245 896 1323 pervenissent,
937 1245 1174 1322 reliqua
1217 1245 1365 1322 fuga
1409 1245 1754 1321 desperata,
1793 1251 2016 1322 magne
2063 1253 2320 1306 numere
2364 1246 2546 1305 inter-

453 1347 636 1419 fecte,
696 1346 916 1423 reliqui
984 1352 1051 1405 se
1108 1345 1172 1404 in
1241 1345 1468 1403 flumen
1539 1345 2143 1422 praecipitaverunt;
2211 1356 2398 1423 atque
2458 1346 2546 1405 ibi

456 1447 692 1520 timore,
725 1444 1134 1518 lassitudine,²
1166 1454 1227 1505 vi
1271 1445 1542 1505 fluminis
1588 1454 1871 1522 oppressi
1914 1446 2243 1523 perierunt.
2334 1448 2547 1506 Nostri

456 1548 537 1607 ad
588 1556 776 1605 smum
827 1553 1040 1606 omnes
1089 1545 1431 1605 incolumes
1492 1555 1820 1623 perpaucis
1867 1547 2199 1606 volneratis
2257 1566 2334 1606 ex
2391 1555 2547 1606 tanti

361 1668 422 1704 10
458 1646 603 1707 belli
633 1647 870 1720 timore,
891 1665 1029 1705 cum
1056 1646 1325 1706 hostium
1355 1665 1648 1706 numerus
1681 1649 1951 1724 capitum
1983 1663 2280 1707 ccccxxx
2311 1647 2545 1706 milium

456 1746 693 1819 fuisset,
729 1754 796 1806 se
840 1747 903 1805 in
939 1756 1142 1805 castra
1185 1753 1565 1823 receperunt.
1657 1749 1889 1807 Caesar
1919 1756 2009 1806 eis
2038 1755 2196 1823 ques
2235 1748 2297 1805 in
2329 1756 2549 1807 castris

458 1846 791 1907 retinuerat
838 1847 1201 1906 discedendi
1247 1855 1616 1924 potestatem
1663 1847 1830 1908 fecit.
1921 1848 2020 1906 Illi
2067 1846 2371 1924 supplicia
2420 1866 2551 1907 cru-

458 1948 776 2024 cietfisque
821 1947 1140 2006 Gallerum
1183 1946 1378 2020 veriti,
1414 1954 1674 2023 querum
1717 1955 1898 2025 agres
1939 1956 2329 2020 vexaverant,
2362 1967 2552 2006 rema-

461 2056 605 2109 nere
649 2056 717 2107 se
762 2048 928 2124 apud
973 2065 1114 2106 eum
1156 2047 1315 2107 velle
1363 2048 1664 2107 dixerunt.
1754 2049 1877 2107 His
1925 2050 2159 2108 Caesar
2205 2047 2550 2107 libertatem

363 2167 422 2222 15
460 2148 789 2210 concessit.

557 2334 765 2376 Θησῆι-ἐ
792 2333 1015 2374 Reasons
1042 2332 1121 2373 for
1147 2331 1382 2383 Cressing
1411 2332 1495 2373 the
1523 2331 1683 2372 Rhine
1712 2333 1809 2372 and
1835 2332 1911 2373 for
1937 2332 2169 2384 Building
2195 2344 2225 2373 a
2252 2332 2446 2383 Bridge.

545 2463 639 2514 16.
700 2454 1069 2516 Germanico
1127 2452 1291 2513 bello
1335 2451 1622 2510 confecte
1666 2450 1873 2510 multis
1934 2452 2013 2510 de
2065 2460 2268 2509 causis
2322 2453 2555 2511 Caesar

463 2556 676 2616 statuit
721 2556 839 2615 sibi
899 2555 1187 2614 Rhenum
1248 2570 1387 2611 esse
1442 2551 1911 2610 transeundum:
1976 2560 2230 2628 quarum
2276 2550 2380 2610 illa
2435 2551 2554 2610 fuit

465 2658 812 2731 iustissima,
849 2656 1032 2734 quod,
1068 2675 1208 2715 cum
1243 2652 1481 2712 videret
1515 2653 1861 2711 Germanes
1892 2661 2017 2710 tam
2061 2651 2245 2711 facile
2283 2648 2556 2728 impelli³

401 2806 410 2815 .
465 2769 532 2818 ut
562 2758 621 2816 in
657 2758 922 2817 Galliam
951 2765 1248 2828 venirent,
1285 2763 1415 2814 suis
1468 2771 1713 2829 quoque
1744 2752 1928 2810 rebus
1959 2760 2068 2812 ees
2098 2752 2310 2811 timere
2340 2750 2552 2824 voluit,

366 2875 430 2912 20
465 2878 601 2918 cum
635 2858 1059 2936 intellegerent
1089 2867 1151 2916 et
1193 2875 1379 2933 posse
1409 2865 1473 2915 et
1522 2853 1747 2912 audere
1778 2852 1989 2929 populi
2037 2854 2305 2911 Romani
2335 2851 2558 2911 exerci-

467 2969 592 3018 tum
627 2961 916 3019 Rhenum
961 2967 1238 3018 transire.
1327 2954 1612 3016 Accessit
1647 2953 1830 3012 etiam
1874 2953 2040 3029 quod
2086 2952 2191 3010 illa
2219 2970 2362 3029 pars
2391 2951 2557 3028 equi·

465 3070 626 3120 tetris
659 3060 986 3137 Usipetum
1018 3070 1081 3119 et
1124 3062 1586 3130 Tenctererum,
1624 3075 1808 3133 quam
1859 3062 2043 3131 supra
2086 3061 2558 3113 commemoravi

466 3161 807 3237 praedandi
850 3161 1390 3236 frumentandique
1438 3167 1625 3218 cause
1683 3158 1929 3216 Mosam
1992 3163 2307 3226 transisse,
2354 3171 2556 3229 neque

466 3261 700 3338 proelis)
731 3261 1100 3332 interfuisse,
1135 3270 1276 3338 post
1321 3262 1534 3337 fugam
1568 3266 1816 3318 suerum
1857 3264 1925 3316 se
1967 3265 2136 3315 trans
2174 3256 2459 3313 Rhenum
2493 3252 2556 3311 in

369 3373 432 3428 25
467 3362 615 3421 finis
665 3364 1141 3439 Sugambrerum
1187 3368 1503 3438 receperat
1548 3368 1736 3435 seque
1796 3377 1934 3418 cum
1992 3365 2083 3416 eis
2138 3355 2556 3415 coniunxerat.

469 3463 570 3522 Ad
616 3471 772 3539 ques
803 3483 940 3523 cum
989 3465 1221 3523 Caesar
1265 3461 1515 3521 nimties
1565 3459 1837 3518 misisset
1884 3466 1990 3535 qui
2037 3455 2421 3533 postularent
2450 3462 2560 3514 ees

469 3571 576 3639 qui
607 3563 725 3623 sibi
757 3564 1120 3639 Galliaeque
1149 3563 1378 3622 bellum
1425 3561 1779 3619 intulissent
1811 3558 1929 3618 sibi
1961 3557 2275 3630 dederent,
2308 3573 2556 3631 respon·

469 3661 734 3721 derunt:
784 3663 1039 3739 ‘Populi
1084 3665 1352 3722 Remeni
1396 3659 1721 3737 imperium
1771 3659 2057 3717 Rhenum
2108 3657 2335 3727 sinire3
2395 3662 2449 3713 si
2492 3661 2561 3713 se

538 3808 624 3867 Cf.
647 3808 668 3844 1
691 3812 864 3884 terga,
890 3827 939 3875 p.
963 3810 1044 3882 89,
1068 3812 1102 3860 l.
1132 3824 1210 3860 10.
1225 3808 1330 3846 —2
1351 3808 1700 3878 witwine,
1729 3807 1809 3868 64,
1837 3804 2035 3874 24.—⁸
2059 3805 2347 3878 impulsos,
2377 3815 2454 3878 59,
2477 3818 2526 3874 4.
