<?xml version="1.0" encoding="UTF-8"?>
<!DOCTYPE html PUBLIC "-//W3C//DTD XHTML 1.0 Transitional//EN"
    "http://www.w3.org/TR/xhtml1/DTD/xhtml1-transitional.dtd">
<html xmlns="http://www.w3.org/1999/xhtml" xml:lang="en" lang="en">
 <head>
  <title>
</title>
<meta http-equiv="Content-Type" content="text/html;charset=utf-8" />
  <meta name='ocr-system' content='tesseract 3.04.00' />
  <meta name='ocr-capabilities' content='ocr_page ocr_carea ocr_par ocr_line ocrx_word'/>
</head>
<body>
  <div class='ocr_page' id='page_1' title='image "./caesarsgallicwa02greegoog_0274.png"; bbox 0 0 2819 4297; ppageno 0'>
   <div class='ocr_carea' id='block_1_1' title="bbox 422 244 2504 330">
    <p class='ocr_par' dir='ltr' id='par_1_1' title="bbox 422 244 2504 330">
     <span class='ocr_line' id='line_1_1' title="bbox 422 244 2504 330; baseline 0.002 -21"><span class='ocrx_word' id='word_1_1' title='bbox 422 248 545 326; x_wconf 91' lang='lat'><strong>148</strong></span> <span class='ocrx_word' id='word_1_2' title='bbox 1140 244 1277 310; x_wconf 74' lang='lat' dir='ltr'><strong>The</strong></span> <span class='ocrx_word' id='word_1_3' title='bbox 1325 246 1550 313; x_wconf 77' lang='lat' dir='ltr'><strong>Gallie</strong></span> <span class='ocrx_word' id='word_1_4' title='bbox 1601 250 1770 312; x_wconf 88' lang='lat' dir='ltr'><strong>War.</strong></span> <span class='ocrx_word' id='word_1_5' title='bbox 2269 261 2504 330; x_wconf 76' lang='lat' dir='ltr'><strong>[CAESAR</strong></span> 
     </span>
    </p>
   </div>
   <div class='ocr_carea' id='block_1_2' title="bbox 314 438 2579 1524">
    <p class='ocr_par' dir='ltr' id='par_1_2' title="bbox 411 438 2579 807">
     <span class='ocr_line' id='line_1_2' title="bbox 411 438 2579 520; baseline 0.002 -22"><span class='ocrx_word' id='word_1_6' title='bbox 411 438 666 499; x_wconf 89' lang='lat' dir='ltr'><strong>neribus</strong></span> <span class='ocrx_word' id='word_1_7' title='bbox 707 447 805 500; x_wconf 73' lang='lat' dir='ltr'><strong>res</strong></span> <span class='ocrx_word' id='word_1_8' title='bbox 856 440 938 501; x_wconf 93' lang='lat' dir='ltr'><strong>ad</strong></span> <span class='ocrx_word' id='word_1_9' title='bbox 988 440 1363 520; x_wconf 88' lang='lat' dir='ltr'><strong>paucitatem</strong></span> <span class='ocrx_word' id='word_1_10' title='bbox 1407 438 1842 502; x_wconf 69' lang='lat' dir='ltr'><strong>defensorum¹</strong></span> <span class='ocrx_word' id='word_1_11' title='bbox 1899 451 2276 520; x_wconf 69' lang='lat' dir='ltr'><strong>pervanerat,</strong></span> <span class='ocrx_word' id='word_1_12' title='bbox 2325 453 2503 506; x_wconf 74' lang='lat' dir='ltr'><strong>tanta</strong></span> <span class='ocrx_word' id='word_1_13' title='bbox 2566 494 2579 503; x_wconf 85' lang='lat'><strong>.</strong></span> 
     </span>
     <span class='ocr_line' id='line_1_3' title="bbox 412 539 2499 621; baseline 0.002 -21"><span class='ocrx_word' id='word_1_14' title='bbox 412 539 750 600; x_wconf 59' lang='lat' dir='ltr'><strong>crebriores</strong></span> <span class='ocrx_word' id='word_1_15' title='bbox 824 541 1063 601; x_wconf 86' lang='lat' dir='ltr'><strong>litterae</strong></span> <span class='ocrx_word' id='word_1_16' title='bbox 1127 541 1449 618; x_wconf 79' lang='lat' dir='ltr'><strong>nfintiique</strong></span> <span class='ocrx_word' id='word_1_17' title='bbox 1514 541 1594 601; x_wconf 93' lang='lat' dir='ltr'><strong>ad</strong></span> <span class='ocrx_word' id='word_1_18' title='bbox 1664 544 1995 603; x_wconf 86' lang='lat' dir='ltr'>Caesarem</span> <span class='ocrx_word' id='word_1_19' title='bbox 2064 544 2499 621; x_wconf 57' lang='lat' dir='ltr'><strong>mittebantuu</strong></span> 
     </span>
     <span class='ocr_line' id='line_1_4' title="bbox 412 641 2501 720; baseline 0.002 -20"><span class='ocrx_word' id='word_1_20' title='bbox 412 648 671 718; x_wconf 80' lang='lat' dir='ltr'><strong>quorum</strong></span> <span class='ocrx_word' id='word_1_21' title='bbox 714 660 856 718; x_wconf 89' lang='lat' dir='ltr'><strong>pars</strong></span> <span class='ocrx_word' id='word_1_22' title='bbox 909 641 1297 718; x_wconf 63' lang='lat' dir='ltr'><strong>deprehensa</strong></span> <span class='ocrx_word' id='word_1_23' title='bbox 1341 642 1400 700; x_wconf 92' lang='lat' dir='ltr'><strong>in</strong></span> <span class='ocrx_word' id='word_1_24' title='bbox 1450 650 1792 720; x_wconf 77' lang='lat' dir='ltr'><strong>conspectu</strong></span> <span class='ocrx_word' id='word_1_25' title='bbox 1842 652 2192 704; x_wconf 79' lang='lat' dir='ltr'><strong>nostrorum</strong></span> <span class='ocrx_word' id='word_1_26' title='bbox 2239 645 2501 707; x_wconf 90' lang='lat' dir='ltr'><strong>militum</strong></span> 
     </span>
     <span class='ocr_line' id='line_1_5' title="bbox 413 741 2499 807; baseline 0.003 -7"><span class='ocrx_word' id='word_1_27' title='bbox 413 760 553 800; x_wconf 91' lang='lat' dir='ltr'><strong>cum</strong></span> <span class='ocrx_word' id='word_1_28' title='bbox 597 741 870 801; x_wconf 72' lang='lat' dir='ltr'><strong>cruciati]</strong></span> <span class='ocrx_word' id='word_1_29' title='bbox 915 742 1267 802; x_wconf 88' lang='lat' dir='ltr'><strong>necabatur.</strong></span> <span class='ocrx_word' id='word_1_30' title='bbox 1357 744 1504 803; x_wconf 88' lang='lat' dir='ltr'><strong>Erat</strong></span> <span class='ocrx_word' id='word_1_31' title='bbox 1547 753 1706 803; x_wconf 75' lang='lat' dir='ltr'><strong>finus</strong></span> <span class='ocrx_word' id='word_1_32' title='bbox 1745 744 1913 804; x_wconf 88' lang='lat' dir='ltr'><strong>intus</strong></span> <span class='ocrx_word' id='word_1_33' title='bbox 1950 746 2216 805; x_wconf 91' lang='lat' dir='ltr'><strong>Nervius</strong></span> <span class='ocrx_word' id='word_1_34' title='bbox 2246 746 2499 807; x_wconf 76' lang='lat' dir='ltr'><strong>nomine</strong></span> 
     </span>
    </p>

    <p class='ocr_par' dir='ltr' id='par_1_3' title="bbox 350 838 2505 1325">
     <span class='ocr_line' id='line_1_6' title="bbox 350 838 2500 922; baseline 0.004 -22"><span class='ocrx_word' id='word_1_35' title='bbox 350 858 377 913; x_wconf 85' lang='lat'>5</span> <span class='ocrx_word' id='word_1_36' title='bbox 413 841 683 915; x_wconf 84' lang='lat' dir='ltr'><strong>Vertic6‚</strong></span> <span class='ocrx_word' id='word_1_37' title='bbox 735 842 875 902; x_wconf 77' lang='lat' dir='ltr'><strong>loco</strong></span> <span class='ocrx_word' id='word_1_38' title='bbox 925 838 1149 903; x_wconf 74' lang='lat' dir='ltr'><strong>natus²</strong></span> <span class='ocrx_word' id='word_1_39' title='bbox 1202 843 1487 917; x_wconf 73' lang='lat' dir='ltr'><strong>honesta,</strong></span> <span class='ocrx_word' id='word_1_40' title='bbox 1541 854 1649 921; x_wconf 89' lang='lat' dir='ltr'><strong>qui</strong></span> <span class='ocrx_word' id='word_1_41' title='bbox 1698 853 1736 904; x_wconf 93' lang='lat' dir='ltr'><strong>a</strong></span> <span class='ocrx_word' id='word_1_42' title='bbox 1792 854 1990 922; x_wconf 90' lang='lat' dir='ltr'><strong>prima</strong></span> <span class='ocrx_word' id='word_1_43' title='bbox 2040 846 2364 907; x_wconf 79' lang='lat' dir='ltr'><strong>obsidione</strong></span> <span class='ocrx_word' id='word_1_44' title='bbox 2418 848 2500 908; x_wconf 90' lang='lat' dir='ltr'><strong>ad</strong></span> 
     </span>
     <span class='ocr_line' id='line_1_7' title="bbox 413 940 2500 1023; baseline 0.002 -20"><span class='ocrx_word' id='word_1_45' title='bbox 413 942 775 1004; x_wconf 79' lang='lat' dir='ltr'><strong>Ciceronem</strong></span> <span class='ocrx_word' id='word_1_46' title='bbox 805 940 1189 1022; x_wconf 72' lang='lat' dir='ltr'><strong>perfugerat⁸</strong></span> <span class='ocrx_word' id='word_1_47' title='bbox 1216 963 1515 1022; x_wconf 89' lang='lat' dir='ltr'><strong>suamque</strong></span> <span class='ocrx_word' id='word_1_48' title='bbox 1539 953 1596 1005; x_wconf 88' lang='lat' dir='ltr'><strong>ei</strong></span> <span class='ocrx_word' id='word_1_49' title='bbox 1626 944 1846 1006; x_wconf 73' lang='lat' dir='ltr'><strong>fidem⁴</strong></span> <span class='ocrx_word' id='word_1_50' title='bbox 1874 946 2280 1023; x_wconf 86' lang='lat' dir='ltr'><strong>praestiterat.</strong></span> <span class='ocrx_word' id='word_1_51' title='bbox 2372 948 2500 1008; x_wconf 85' lang='lat' dir='ltr'><strong>Hic</strong></span> 
     </span>
     <span class='ocr_line' id='line_1_8' title="bbox 411 1044 2499 1123; baseline 0.002 -20"><span class='ocrx_word' id='word_1_52' title='bbox 411 1050 589 1104; x_wconf 77' lang='lat' dir='ltr'><strong>servo</strong></span> <span class='ocrx_word' id='word_1_53' title='bbox 619 1051 731 1121; x_wconf 73' lang='lat' dir='ltr'><strong>spa</strong></span> <span class='ocrx_word' id='word_1_54' title='bbox 760 1044 1062 1105; x_wconf 73' lang='lat' dir='ltr'><strong>libertatis</strong></span> <span class='ocrx_word' id='word_1_55' title='bbox 1092 1053 1456 1123; x_wconf 73' lang='lat' dir='ltr'><strong>magnisque</strong></span> <span class='ocrx_word' id='word_1_56' title='bbox 1485 1047 1821 1123; x_wconf 88' lang='lat' dir='ltr'><strong>persuadet</strong></span> <span class='ocrx_word' id='word_1_57' title='bbox 1844 1047 2133 1123; x_wconf 89' lang='lat' dir='ltr'><strong>praemiis</strong></span> <span class='ocrx_word' id='word_1_58' title='bbox 2164 1056 2232 1106; x_wconf 92' lang='lat' dir='ltr'><strong>ut</strong></span> <span class='ocrx_word' id='word_1_59' title='bbox 2261 1046 2499 1108; x_wconf 90' lang='lat' dir='ltr'><strong>litteras</strong></span> 
     </span>
     <span class='ocr_line' id='line_1_9' title="bbox 410 1144 2505 1225; baseline 0.002 -22"><span class='ocrx_word' id='word_1_60' title='bbox 410 1144 490 1204; x_wconf 91' lang='lat' dir='ltr'><strong>ad</strong></span> <span class='ocrx_word' id='word_1_61' title='bbox 538 1147 869 1205; x_wconf 88' lang='lat' dir='ltr'><strong>Caesarem</strong></span> <span class='ocrx_word' id='word_1_62' title='bbox 910 1146 1165 1205; x_wconf 63' lang='lat' dir='ltr'><strong>deferat.</strong></span> <span class='ocrx_word' id='word_1_63' title='bbox 1257 1147 1394 1206; x_wconf 92' lang='lat' dir='ltr'><strong>Has</strong></span> <span class='ocrx_word' id='word_1_64' title='bbox 1442 1146 1545 1206; x_wconf 90' lang='lat' dir='ltr'><strong>ille</strong></span> <span class='ocrx_word' id='word_1_65' title='bbox 1592 1146 1655 1204; x_wconf 92' lang='lat' dir='ltr'><strong>in</strong></span> <span class='ocrx_word' id='word_1_66' title='bbox 1704 1146 1906 1207; x_wconf 78' lang='lat' dir='ltr'><strong>iaculo</strong></span> <span class='ocrx_word' id='word_1_67' title='bbox 1946 1147 2233 1225; x_wconf 88' lang='lat' dir='ltr'><strong>inligatas</strong></span> <span class='ocrx_word' id='word_1_68' title='bbox 2299 1146 2505 1220; x_wconf 55' lang='lat' dir='ltr'><strong>effert,</strong></span> 
     </span>
     <span class='ocr_line' id='line_1_10' title="bbox 408 1246 2498 1325; baseline 0.002 -22"><span class='ocrx_word' id='word_1_69' title='bbox 408 1253 471 1304; x_wconf 90' lang='lat' dir='ltr'><strong>et</strong></span> <span class='ocrx_word' id='word_1_70' title='bbox 530 1246 746 1306; x_wconf 89' lang='lat' dir='ltr'><strong>Gallus</strong></span> <span class='ocrx_word' id='word_1_71' title='bbox 799 1246 959 1306; x_wconf 90' lang='lat' dir='ltr'><strong>inter</strong></span> <span class='ocrx_word' id='word_1_72' title='bbox 1016 1246 1232 1306; x_wconf 79' lang='lat' dir='ltr'><strong>Gallos</strong></span> <span class='ocrx_word' id='word_1_73' title='bbox 1293 1247 1427 1306; x_wconf 90' lang='lat' dir='ltr'><strong>sine</strong></span> <span class='ocrx_word' id='word_1_74' title='bbox 1488 1247 1612 1306; x_wconf 76' lang='lat' dir='ltr'><strong>ulla</strong></span> <span class='ocrx_word' id='word_1_75' title='bbox 1663 1247 2016 1325; x_wconf 75' lang='lat' dir='ltr'><strong>suspiciane</strong></span> <span class='ocrx_word' id='word_1_76' title='bbox 2076 1256 2356 1308; x_wconf 91' lang='lat' dir='ltr'><strong>versatus</strong></span> <span class='ocrx_word' id='word_1_77' title='bbox 2417 1248 2498 1308; x_wconf 92' lang='lat' dir='ltr'><strong>ad</strong></span> 
     </span>
    </p>

    <p class='ocr_par' dir='ltr' id='par_1_4' title="bbox 314 1346 2499 1524">
     <span class='ocr_line' id='line_1_11' title="bbox 314 1346 2499 1427; baseline 0.003 -24"><span class='ocrx_word' id='word_1_78' title='bbox 314 1367 374 1404; x_wconf 90' lang='lat'><strong>10</strong></span> <span class='ocrx_word' id='word_1_79' title='bbox 411 1347 742 1405; x_wconf 89' lang='lat' dir='ltr'><strong>Caesarem</strong></span> <span class='ocrx_word' id='word_1_80' title='bbox 771 1346 1070 1424; x_wconf 87' lang='lat' dir='ltr'><strong>pervenit.</strong></span> <span class='ocrx_word' id='word_1_81' title='bbox 1158 1347 1257 1408; x_wconf 94' lang='lat' dir='ltr'><strong>Ab</strong></span> <span class='ocrx_word' id='word_1_82' title='bbox 1294 1354 1368 1406; x_wconf 71' lang='lat' dir='ltr'><strong>ef&gt;</strong></span> <span class='ocrx_word' id='word_1_83' title='bbox 1405 1347 1484 1407; x_wconf 70' lang='lat' dir='ltr'><strong>da</strong></span> <span class='ocrx_word' id='word_1_84' title='bbox 1520 1347 1810 1425; x_wconf 87' lang='lat' dir='ltr'><strong>periculis</strong></span> <span class='ocrx_word' id='word_1_85' title='bbox 1856 1347 2178 1408; x_wconf 78' lang='lat' dir='ltr'><strong>Ciceronis</strong></span> <span class='ocrx_word' id='word_1_86' title='bbox 2216 1347 2499 1427; x_wconf 78' lang='lat' dir='ltr'><strong>legionis-</strong></span> 
     </span>
     <span class='ocr_line' id='line_1_12' title="bbox 408 1444 990 1524; baseline 0.003 -21"><span class='ocrx_word' id='word_1_87' title='bbox 408 1464 529 1522; x_wconf 91' lang='lat' dir='ltr'><strong>que</strong></span> <span class='ocrx_word' id='word_1_88' title='bbox 559 1444 990 1524; x_wconf 61' lang='lat' dir='ltr'><strong>cognoscitur.¹⁵</strong></span> 
     </span>
    </p>
   </div>
   <div class='ocr_carea' id='block_1_3' title="bbox 671 1595 2233 1649">
    <p class='ocr_par' dir='ltr' id='par_1_5' title="bbox 671 1595 2233 1649">
     <span class='ocr_line' id='line_1_13' title="bbox 671 1595 2233 1649; baseline 0.001 -12"><span class='ocrx_word' id='word_1_89' title='bbox 671 1595 838 1638; x_wconf 72' lang='lat' dir='ltr'><strong>Caesar</strong></span> <span class='ocrx_word' id='word_1_90' title='bbox 864 1595 1207 1647; x_wconf 75' lang='lat' dir='ltr'><strong>Immediately</strong></span> <span class='ocrx_word' id='word_1_91' title='bbox 1236 1596 1392 1638; x_wconf 81' lang='lat' dir='ltr'><strong>sends</strong></span> <span class='ocrx_word' id='word_1_92' title='bbox 1421 1596 1678 1649; x_wconf 76' lang='lat' dir='ltr'><strong>Messages</strong></span> <span class='ocrx_word' id='word_1_93' title='bbox 1705 1601 1758 1638; x_wconf 85' lang='lat' dir='ltr'><strong>to</strong></span> <span class='ocrx_word' id='word_1_94' title='bbox 1785 1597 1865 1638; x_wconf 87' lang='lat' dir='ltr'><strong>his</strong></span> <span class='ocrx_word' id='word_1_95' title='bbox 1894 1597 2233 1640; x_wconf 85' lang='lat' dir='ltr'><strong>Lieutenants.</strong></span> 
     </span>
    </p>
   </div>
   <div class='ocr_carea' id='block_1_4' title="bbox 310 1709 2498 2795">
    <p class='ocr_par' dir='ltr' id='par_1_6' title="bbox 409 1709 2498 1990">
     <span class='ocr_line' id='line_1_14' title="bbox 491 1709 2496 1786; baseline 0.002 -20"><span class='ocrx_word' id='word_1_96' title='bbox 491 1716 589 1767; x_wconf 81' lang='lat'><strong>46.</strong></span> <span class='ocrx_word' id='word_1_97' title='bbox 652 1711 885 1770; x_wconf 88' lang='lat' dir='ltr'><strong>Caesar</strong></span> <span class='ocrx_word' id='word_1_98' title='bbox 929 1717 1201 1786; x_wconf 89' lang='lat' dir='ltr'><strong>acceptis</strong></span> <span class='ocrx_word' id='word_1_99' title='bbox 1246 1709 1466 1770; x_wconf 88' lang='lat' dir='ltr'><strong>litteris</strong></span> <span class='ocrx_word' id='word_1_100' title='bbox 1509 1711 1662 1770; x_wconf 79' lang='lat' dir='ltr'><strong>hora</strong></span> <span class='ocrx_word' id='word_1_101' title='bbox 1719 1710 1961 1771; x_wconf 90' lang='lat' dir='ltr'><strong>circiter</strong></span> <span class='ocrx_word' id='word_1_102' title='bbox 2018 1729 2087 1770; x_wconf 81' lang='lat' dir='ltr'><strong>xl</strong></span> <span class='ocrx_word' id='word_1_103' title='bbox 2132 1710 2256 1770; x_wconf 75' lang='lat' dir='ltr'><strong>diai</strong></span> <span class='ocrx_word' id='word_1_104' title='bbox 2286 1711 2496 1770; x_wconf 89' lang='lat' dir='ltr'><strong>statim</strong></span> 
     </span>
     <span class='ocr_line' id='line_1_15' title="bbox 409 1809 2498 1884; baseline 0.001 -15"><span class='ocrx_word' id='word_1_105' title='bbox 409 1809 690 1869; x_wconf 75' lang='lat' dir='ltr'><strong>nuntium</strong></span> <span class='ocrx_word' id='word_1_106' title='bbox 715 1810 777 1869; x_wconf 91' lang='lat' dir='ltr'><strong>in</strong></span> <span class='ocrx_word' id='word_1_107' title='bbox 812 1812 1174 1871; x_wconf 73' lang='lat' dir='ltr'><strong>Bellovacas</strong></span> <span class='ocrx_word' id='word_1_108' title='bbox 1206 1811 1286 1870; x_wconf 90' lang='lat' dir='ltr'><strong>ad</strong></span> <span class='ocrx_word' id='word_1_109' title='bbox 1318 1812 1404 1871; x_wconf 90' lang='lat' dir='ltr'><strong>M.</strong></span> <span class='ocrx_word' id='word_1_110' title='bbox 1449 1813 1742 1872; x_wconf 90' lang='lat' dir='ltr'><strong>Crassum</strong></span> <span class='ocrx_word' id='word_1_111' title='bbox 1801 1811 2001 1884; x_wconf 90' lang='lat' dir='ltr'><strong>mittit,</strong></span> <span class='ocrx_word' id='word_1_112' title='bbox 2035 1811 2210 1870; x_wconf 73' lang='lat' dir='ltr'><strong>caius</strong></span> <span class='ocrx_word' id='word_1_113' title='bbox 2238 1812 2498 1871; x_wconf 86' lang='lat' dir='ltr'><strong>hiberna</strong></span> 
     </span>
     <span class='ocr_line' id='line_1_16' title="bbox 410 1911 2497 1990; baseline 0.002 -21"><span class='ocrx_word' id='word_1_114' title='bbox 410 1911 668 1971; x_wconf 89' lang='lat' dir='ltr'><strong>aberant</strong></span> <span class='ocrx_word' id='word_1_115' title='bbox 738 1913 818 1972; x_wconf 90' lang='lat' dir='ltr'><strong>ab</strong></span> <span class='ocrx_word' id='word_1_116' title='bbox 876 1919 953 1973; x_wconf 72' lang='lat' dir='ltr'><strong>ea</strong></span> <span class='ocrx_word' id='word_1_117' title='bbox 1010 1912 1179 1971; x_wconf 90' lang='lat' dir='ltr'><strong>milia</strong></span> <span class='ocrx_word' id='word_1_118' title='bbox 1237 1931 1534 1990; x_wconf 89' lang='lat' dir='ltr'><strong>passuum</strong></span> <span class='ocrx_word' id='word_1_119' title='bbox 1593 1930 1767 1984; x_wconf 86' lang='lat' dir='ltr'><strong>xxv3</strong></span> <span class='ocrx_word' id='word_1_120' title='bbox 1826 1912 1998 1972; x_wconf 89' lang='lat' dir='ltr'><strong>iubet</strong></span> <span class='ocrx_word' id='word_1_121' title='bbox 2053 1912 2256 1972; x_wconf 91' lang='lat' dir='ltr'><strong>media</strong></span> <span class='ocrx_word' id='word_1_122' title='bbox 2313 1923 2497 1973; x_wconf 90' lang='lat' dir='ltr'><strong>nocte</strong></span> 
     </span>
    </p>

    <p class='ocr_par' dir='ltr' id='par_1_7' title="bbox 314 2009 2498 2494">
     <span class='ocr_line' id='line_1_17' title="bbox 314 2009 2496 2090; baseline -0.001 -18"><span class='ocrx_word' id='word_1_123' title='bbox 314 2036 375 2090; x_wconf 82' lang='lat'><strong>¹5</strong></span> <span class='ocrx_word' id='word_1_124' title='bbox 408 2011 716 2090; x_wconf 76' lang='lat' dir='ltr'><strong>legionem</strong></span> <span class='ocrx_word' id='word_1_125' title='bbox 759 2014 1068 2090; x_wconf 87' lang='lat' dir='ltr'><strong>proficisci</strong></span> <span class='ocrx_word' id='word_1_126' title='bbox 1126 2012 1527 2088; x_wconf 87' lang='lat' dir='ltr'><strong>celeriterque</strong></span> <span class='ocrx_word' id='word_1_127' title='bbox 1587 2013 1667 2072; x_wconf 93' lang='lat' dir='ltr'><strong>ad</strong></span> <span class='ocrx_word' id='word_1_128' title='bbox 1711 2020 1776 2073; x_wconf 70' lang='lat' dir='ltr'><strong>se</strong></span> <span class='ocrx_word' id='word_1_129' title='bbox 1820 2020 2048 2072; x_wconf 89' lang='lat' dir='ltr'><strong>venire.</strong></span> <span class='ocrx_word' id='word_1_130' title='bbox 2140 2009 2313 2073; x_wconf 80' lang='lat' dir='ltr'><strong>Exit⁶</strong></span> <span class='ocrx_word' id='word_1_131' title='bbox 2355 2031 2496 2072; x_wconf 91' lang='lat' dir='ltr'><strong>cum</strong></span> 
     </span>
     <span class='ocr_line' id='line_1_18' title="bbox 409 2112 2498 2191; baseline 0.001 -19"><span class='ocrx_word' id='word_1_132' title='bbox 409 2113 627 2174; x_wconf 73' lang='lat' dir='ltr'><strong>nuntio</strong></span> <span class='ocrx_word' id='word_1_133' title='bbox 659 2116 942 2175; x_wconf 90' lang='lat' dir='ltr'><strong>Crassus.</strong></span> <span class='ocrx_word' id='word_1_134' title='bbox 1031 2114 1312 2175; x_wconf 89' lang='lat' dir='ltr'><strong>Alterum</strong></span> <span class='ocrx_word' id='word_1_135' title='bbox 1364 2113 1444 2173; x_wconf 89' lang='lat' dir='ltr'><strong>ad</strong></span> <span class='ocrx_word' id='word_1_136' title='bbox 1476 2115 1547 2174; x_wconf 94' lang='lat' dir='ltr'><strong>C.</strong></span> <span class='ocrx_word' id='word_1_137' title='bbox 1585 2113 1840 2173; x_wconf 90' lang='lat' dir='ltr'><strong>Fabium</strong></span> <span class='ocrx_word' id='word_1_138' title='bbox 1894 2113 2161 2191; x_wconf 74' lang='lat' dir='ltr'><strong>lagatum</strong></span> <span class='ocrx_word' id='word_1_139' title='bbox 2191 2112 2396 2188; x_wconf 90' lang='lat' dir='ltr'><strong>mittit,</strong></span> <span class='ocrx_word' id='word_1_140' title='bbox 2430 2123 2498 2175; x_wconf 90' lang='lat' dir='ltr'><strong>ut</strong></span> 
     </span>
     <span class='ocr_line' id='line_1_19' title="bbox 409 2213 2497 2293; baseline 0.001 -21"><span class='ocrx_word' id='word_1_141' title='bbox 409 2213 471 2273; x_wconf 93' lang='lat' dir='ltr'><strong>in</strong></span> <span class='ocrx_word' id='word_1_142' title='bbox 504 2215 892 2275; x_wconf 74' lang='lat' dir='ltr'><strong>Atrebatium</strong></span> <span class='ocrx_word' id='word_1_143' title='bbox 935 2217 1083 2275; x_wconf 86' lang='lat' dir='ltr'><strong>finis</strong></span> <span class='ocrx_word' id='word_1_144' title='bbox 1112 2215 1419 2293; x_wconf 71' lang='lat' dir='ltr'><strong>legianem</strong></span> <span class='ocrx_word' id='word_1_145' title='bbox 1458 2214 1747 2286; x_wconf 78' lang='lat' dir='ltr'><strong>addficat,</strong></span> <span class='ocrx_word' id='word_1_146' title='bbox 1781 2222 1904 2291; x_wconf 90' lang='lat' dir='ltr'><strong>qua</strong></span> <span class='ocrx_word' id='word_1_147' title='bbox 1948 2214 2067 2273; x_wconf 89' lang='lat' dir='ltr'><strong>sibi</strong></span> <span class='ocrx_word' id='word_1_148' title='bbox 2112 2213 2228 2273; x_wconf 92' lang='lat' dir='ltr'><strong>iter</strong></span> <span class='ocrx_word' id='word_1_149' title='bbox 2268 2215 2497 2274; x_wconf 84' lang='lat' dir='ltr'><strong>facien-</strong></span> 
     </span>
     <span class='ocr_line' id='line_1_20' title="bbox 409 2314 2498 2391; baseline 0 -17"><span class='ocrx_word' id='word_1_150' title='bbox 409 2315 556 2374; x_wconf 92' lang='lat' dir='ltr'><strong>dum</strong></span> <span class='ocrx_word' id='word_1_151' title='bbox 612 2315 864 2376; x_wconf 61' lang='lat' dir='ltr'><strong>sciebat.</strong></span> <span class='ocrx_word' id='word_1_152' title='bbox 956 2315 1181 2375; x_wconf 84' lang='lat' dir='ltr'><strong>Scribit</strong></span> <span class='ocrx_word' id='word_1_153' title='bbox 1238 2315 1535 2388; x_wconf 58' lang='lat' dir='ltr'><strong>Labieno,</strong></span> <span class='ocrx_word' id='word_1_154' title='bbox 1586 2323 1639 2374; x_wconf 88' lang='lat' dir='ltr'><strong>si</strong></span> <span class='ocrx_word' id='word_1_155' title='bbox 1691 2323 1779 2374; x_wconf 87' lang='lat' dir='ltr'><strong>rei</strong></span> <span class='ocrx_word' id='word_1_156' title='bbox 1834 2314 2116 2391; x_wconf 73' lang='lat' dir='ltr'><strong>publicae</strong></span> <span class='ocrx_word' id='word_1_157' title='bbox 2167 2315 2498 2375; x_wconf 76' lang='lat' dir='ltr'><strong>commodo</strong></span> 
     </span>
     <span class='ocr_line' id='line_1_21' title="bbox 407 2414 2497 2494; baseline -0 -20"><span class='ocrx_word' id='word_1_158' title='bbox 407 2417 613 2476; x_wconf 88' lang='lat' dir='ltr'><strong>facere</strong></span> <span class='ocrx_word' id='word_1_159' title='bbox 642 2416 855 2494; x_wconf 89' lang='lat' dir='ltr'><strong>possit,</strong></span> <span class='ocrx_word' id='word_1_160' title='bbox 887 2436 1028 2476; x_wconf 92' lang='lat' dir='ltr'><strong>cum</strong></span> <span class='ocrx_word' id='word_1_161' title='bbox 1069 2417 1312 2494; x_wconf 78' lang='lat' dir='ltr'><strong>legione</strong></span> <span class='ocrx_word' id='word_1_162' title='bbox 1358 2415 1440 2474; x_wconf 90' lang='lat' dir='ltr'><strong>ad</strong></span> <span class='ocrx_word' id='word_1_163' title='bbox 1476 2416 1624 2475; x_wconf 84' lang='lat' dir='ltr'><strong>finis</strong></span> <span class='ocrx_word' id='word_1_164' title='bbox 1662 2416 2028 2475; x_wconf 79' lang='lat' dir='ltr'><strong>Nerviorum</strong></span> <span class='ocrx_word' id='word_1_165' title='bbox 2066 2414 2316 2488; x_wconf 86' lang='lat' dir='ltr'><strong>veniat3</strong></span> <span class='ocrx_word' id='word_1_166' title='bbox 2364 2416 2497 2474; x_wconf 92' lang='lat' dir='ltr'><strong>reli-</strong></span> 
     </span>
    </p>

    <p class='ocr_par' dir='ltr' id='par_1_8' title="bbox 310 2515 2498 2795">
     <span class='ocr_line' id='line_1_22' title="bbox 310 2515 2496 2594; baseline 0 -20"><span class='ocrx_word' id='word_1_167' title='bbox 310 2538 375 2574; x_wconf 89' lang='lat'><strong>20</strong></span> <span class='ocrx_word' id='word_1_168' title='bbox 409 2535 595 2594; x_wconf 90' lang='lat' dir='ltr'><strong>quam</strong></span> <span class='ocrx_word' id='word_1_169' title='bbox 651 2526 888 2593; x_wconf 90' lang='lat' dir='ltr'><strong>partem</strong></span> <span class='ocrx_word' id='word_1_170' title='bbox 938 2516 1259 2588; x_wconf 70' lang='lat' dir='ltr'><strong>exercitUS,</strong></span> <span class='ocrx_word' id='word_1_171' title='bbox 1320 2515 1490 2591; x_wconf 92' lang='lat' dir='ltr'><strong>quod</strong></span> <span class='ocrx_word' id='word_1_172' title='bbox 1545 2516 1733 2593; x_wconf 77' lang='lat' dir='ltr'><strong>paulo</strong></span> <span class='ocrx_word' id='word_1_173' title='bbox 1785 2516 1998 2575; x_wconf 90' lang='lat' dir='ltr'><strong>aberat</strong></span> <span class='ocrx_word' id='word_1_174' title='bbox 2056 2515 2313 2593; x_wconf 80' lang='lat' dir='ltr'><strong>longiuS,</strong></span> <span class='ocrx_word' id='word_1_175' title='bbox 2367 2523 2496 2575; x_wconf 74' lang='lat' dir='ltr'><strong>nan</strong></span> 
     </span>
     <span class='ocr_line' id='line_1_23' title="bbox 409 2615 2498 2694; baseline 0 -18"><span class='ocrx_word' id='word_1_176' title='bbox 409 2627 586 2694; x_wconf 90' lang='lat' dir='ltr'><strong>putat</strong></span> <span class='ocrx_word' id='word_1_177' title='bbox 643 2617 1160 2694; x_wconf 90' lang='lat' dir='ltr'><strong>exspectandam;</strong></span> <span class='ocrx_word' id='word_1_178' title='bbox 1235 2615 1477 2693; x_wconf 72' lang='lat' dir='ltr'><strong>equitas</strong></span> <span class='ocrx_word' id='word_1_179' title='bbox 1534 2616 1776 2676; x_wconf 90' lang='lat' dir='ltr'><strong>circiter</strong></span> <span class='ocrx_word' id='word_1_180' title='bbox 1832 2633 1988 2675; x_wconf 88' lang='lat' dir='ltr'><strong>cccc</strong></span> <span class='ocrx_word' id='word_1_181' title='bbox 2058 2635 2134 2675; x_wconf 92' lang='lat' dir='ltr'><strong>ex</strong></span> <span class='ocrx_word' id='word_1_182' title='bbox 2203 2616 2498 2693; x_wconf 85' lang='lat' dir='ltr'><strong>proximis</strong></span> 
     </span>
     <span class='ocr_line' id='line_1_24' title="bbox 410 2714 1015 2795; baseline 0 -20"><span class='ocrx_word' id='word_1_183' title='bbox 410 2718 686 2778; x_wconf 89' lang='lat' dir='ltr'><strong>hibernis</strong></span> <span class='ocrx_word' id='word_1_184' title='bbox 717 2714 1015 2795; x_wconf 72' lang='lat' dir='ltr'><strong>conligit.⁷</strong></span> 
     </span>
    </p>
   </div>
   <div class='ocr_carea' id='block_1_5' title="bbox 509 2865 2400 2917">
    <p class='ocr_par' dir='ltr' id='par_1_9' title="bbox 509 2865 2400 2917">
     <span class='ocr_line' id='line_1_25' title="bbox 509 2865 2400 2917; baseline -0.001 -9"><span class='ocrx_word' id='word_1_185' title='bbox 509 2867 719 2909; x_wconf 79' lang='lat' dir='ltr'><strong>Crassus</strong></span> <span class='ocrx_word' id='word_1_186' title='bbox 747 2867 907 2908; x_wconf 80' lang='lat' dir='ltr'><strong>Meets</strong></span> <span class='ocrx_word' id='word_1_187' title='bbox 934 2866 1038 2908; x_wconf 85' lang='lat' dir='ltr'><strong>him</strong></span> <span class='ocrx_word' id='word_1_188' title='bbox 1058 2876 1072 2915; x_wconf 73' lang='grc' dir='ltr'>ς</span> <span class='ocrx_word' id='word_1_189' title='bbox 1102 2866 1349 2907; x_wconf 79' lang='lat' dir='ltr'><strong>Labienus</strong></span> <span class='ocrx_word' id='word_1_190' title='bbox 1378 2866 1566 2907; x_wconf 77' lang='lat' dir='ltr'><strong>Thinks</strong></span> <span class='ocrx_word' id='word_1_191' title='bbox 1593 2866 1634 2906; x_wconf 89' lang='lat' dir='ltr'><strong>it</strong></span> <span class='ocrx_word' id='word_1_192' title='bbox 1660 2866 1782 2906; x_wconf 85' lang='lat' dir='ltr'><strong>Best</strong></span> <span class='ocrx_word' id='word_1_193' title='bbox 1808 2870 1861 2906; x_wconf 89' lang='lat' dir='ltr'><strong>to</strong></span> <span class='ocrx_word' id='word_1_194' title='bbox 1889 2865 2010 2917; x_wconf 82' lang='lat' dir='ltr'><strong>stay</strong></span> <span class='ocrx_word' id='word_1_195' title='bbox 2038 2865 2224 2906; x_wconf 82' lang='lat' dir='ltr'><strong>where</strong></span> <span class='ocrx_word' id='word_1_196' title='bbox 2250 2866 2312 2906; x_wconf 86' lang='lat' dir='ltr'><strong>he</strong></span> <span class='ocrx_word' id='word_1_197' title='bbox 2338 2865 2400 2906; x_wconf 84' lang='lat' dir='ltr'><strong>is.</strong></span> 
     </span>
    </p>
   </div>
   <div class='ocr_carea' id='block_1_6' title="bbox 314 2975 2501 3556">
    <p class='ocr_par' dir='ltr' id='par_1_10' title="bbox 314 2975 2501 3556">
     <span class='ocr_line' id='line_1_26' title="bbox 491 2975 2498 3038; baseline 0 -2"><span class='ocrx_word' id='word_1_198' title='bbox 491 2987 586 3036; x_wconf 81' lang='lat'><strong>47.</strong></span> <span class='ocrx_word' id='word_1_199' title='bbox 650 2980 827 3038; x_wconf 79' lang='lat' dir='ltr'><strong>Hora</strong></span> <span class='ocrx_word' id='word_1_200' title='bbox 884 2978 1125 3038; x_wconf 88' lang='lat' dir='ltr'><strong>circiter</strong></span> <span class='ocrx_word' id='word_1_201' title='bbox 1181 2978 1362 3037; x_wconf 90' lang='lat' dir='ltr'><strong>tertia</strong></span> <span class='ocrx_word' id='word_1_202' title='bbox 1421 2978 1499 3037; x_wconf 92' lang='lat' dir='ltr'><strong>ab</strong></span> <span class='ocrx_word' id='word_1_203' title='bbox 1559 2975 2091 3037; x_wconf 72' lang='lat' dir='ltr'><strong>antecursaribus⁸</strong></span> <span class='ocrx_word' id='word_1_204' title='bbox 2146 2978 2224 3036; x_wconf 72' lang='lat' dir='ltr'><strong>da</strong></span> <span class='ocrx_word' id='word_1_205' title='bbox 2284 2979 2498 3037; x_wconf 88' lang='lat' dir='ltr'><strong>Crassi</strong></span> 
     </span>
     <span class='ocr_line' id='line_1_27' title="bbox 409 3077 2499 3154; baseline -0.001 -16"><span class='ocrx_word' id='word_1_206' title='bbox 409 3080 680 3139; x_wconf 79' lang='lat' dir='ltr'><strong>adventu</strong></span> <span class='ocrx_word' id='word_1_207' title='bbox 726 3078 947 3138; x_wconf 89' lang='lat' dir='ltr'><strong>certior</strong></span> <span class='ocrx_word' id='word_1_208' title='bbox 995 3080 1217 3151; x_wconf 82' lang='lat' dir='ltr'><strong>factus,</strong></span> <span class='ocrx_word' id='word_1_209' title='bbox 1263 3086 1338 3137; x_wconf 71' lang='lat' dir='ltr'><strong>eo·</strong></span> <span class='ocrx_word' id='word_1_210' title='bbox 1388 3078 1489 3136; x_wconf 73' lang='lat' dir='ltr'><strong>dia</strong></span> <span class='ocrx_word' id='word_1_211' title='bbox 1541 3077 1707 3136; x_wconf 87' lang='lat' dir='ltr'><strong>milia</strong></span> <span class='ocrx_word' id='word_1_212' title='bbox 1766 3096 2060 3154; x_wconf 92' lang='lat' dir='ltr'><strong>passuum</strong></span> <span class='ocrx_word' id='word_1_213' title='bbox 2112 3094 2203 3135; x_wconf 89' lang='lat' dir='ltr'><strong>xx</strong></span> <span class='ocrx_word' id='word_1_214' title='bbox 2254 3084 2499 3154; x_wconf 81' lang='lat' dir='ltr'><strong>progre-</strong></span> 
     </span>
     <span class='ocr_line' id='line_1_28' title="bbox 314 3174 2499 3259; baseline -0.002 -19"><span class='ocrx_word' id='word_1_215' title='bbox 314 3204 376 3259; x_wconf 85' lang='lat'><strong>25</strong></span> <span class='ocrx_word' id='word_1_216' title='bbox 412 3179 592 3239; x_wconf 90' lang='lat' dir='ltr'><strong>ditur.</strong></span> <span class='ocrx_word' id='word_1_217' title='bbox 685 3182 975 3239; x_wconf 90' lang='lat' dir='ltr'><strong>Crassum</strong></span> <span class='ocrx_word' id='word_1_218' title='bbox 1038 3178 1503 3238; x_wconf 85' lang='lat' dir='ltr'><strong>Samarobrivae</strong></span> <span class='ocrx_word' id='word_1_219' title='bbox 1560 3174 1869 3254; x_wconf 79' lang='lat' dir='ltr'><strong>praeficit⁹</strong></span> <span class='ocrx_word' id='word_1_220' title='bbox 1938 3178 2365 3255; x_wconf 77' lang='lat' dir='ltr'><strong>legionemque</strong></span> <span class='ocrx_word' id='word_1_221' title='bbox 2438 3186 2499 3236; x_wconf 86' lang='lat' dir='ltr'><strong>ei</strong></span> 
     </span>
     <span class='ocr_line' id='line_1_29' title="bbox 412 3276 2495 3355; baseline -0.001 -17"><span class='ocrx_word' id='word_1_222' title='bbox 412 3276 755 3352; x_wconf 90' lang='lat' dir='ltr'><strong>attribuit,¹⁰</strong></span> <span class='ocrx_word' id='word_1_223' title='bbox 777 3280 944 3355; x_wconf 93' lang='lat' dir='ltr'><strong>quod</strong></span> <span class='ocrx_word' id='word_1_224' title='bbox 969 3278 1053 3337; x_wconf 90' lang='lat' dir='ltr'><strong>ibi</strong></span> <span class='ocrx_word' id='word_1_225' title='bbox 1078 3278 1517 3355; x_wconf 89' lang='lat' dir='ltr'><strong>impedimenta</strong></span> <span class='ocrx_word' id='word_1_226' title='bbox 1543 3279 1862 3350; x_wconf 70' lang='lat' dir='ltr'><strong>exercitUS,</strong></span> <span class='ocrx_word' id='word_1_227' title='bbox 1886 3277 2137 3337; x_wconf 71' lang='lat' dir='ltr'><strong>obsides</strong></span> <span class='ocrx_word' id='word_1_228' title='bbox 2160 3278 2495 3350; x_wconf 90' lang='lat' dir='ltr'><strong>civitatum,</strong></span> 
     </span>
     <span class='ocr_line' id='line_1_30' title="bbox 411 3378 2499 3456; baseline 0 -18"><span class='ocrx_word' id='word_1_229' title='bbox 411 3379 647 3440; x_wconf 89' lang='lat' dir='ltr'><strong>litteras</strong></span> <span class='ocrx_word' id='word_1_230' title='bbox 689 3379 985 3456; x_wconf 72' lang='lat' dir='ltr'><strong>pablicaS,</strong></span> <span class='ocrx_word' id='word_1_231' title='bbox 1039 3379 1536 3454; x_wconf 70' lang='lat' dir='ltr'><strong>framentumque</strong></span> <span class='ocrx_word' id='word_1_232' title='bbox 1580 3397 1763 3438; x_wconf 88' lang='lat' dir='ltr'><strong>omne</strong></span> <span class='ocrx_word' id='word_1_233' title='bbox 1808 3379 1978 3453; x_wconf 92' lang='lat' dir='ltr'><strong>quod</strong></span> <span class='ocrx_word' id='word_1_234' title='bbox 2020 3386 2096 3438; x_wconf 77' lang='lat' dir='ltr'><strong>eo</strong></span> <span class='ocrx_word' id='word_1_235' title='bbox 2140 3378 2499 3438; x_wconf 90' lang='lat' dir='ltr'><strong>tolerandae</strong></span> 
     </span>
     <span class='ocr_line' id='line_1_31' title="bbox 411 3476 2501 3556; baseline -0 -17"><span class='ocrx_word' id='word_1_236' title='bbox 411 3480 631 3540; x_wconf 88' lang='lat' dir='ltr'><strong>hiemis</strong></span> <span class='ocrx_word' id='word_1_237' title='bbox 679 3488 867 3540; x_wconf 90' lang='lat' dir='ltr'><strong>causa</strong></span> <span class='ocrx_word' id='word_1_238' title='bbox 920 3476 1299 3539; x_wconf 67' lang='lat' dir='ltr'><strong>devexeratu</strong></span> <span class='ocrx_word' id='word_1_239' title='bbox 1340 3478 1745 3556; x_wconf 60' lang='lat' dir='ltr'><strong>relinquebat.</strong></span> <span class='ocrx_word' id='word_1_240' title='bbox 1838 3479 2083 3551; x_wconf 91' lang='lat' dir='ltr'><strong>Fabius,</strong></span> <span class='ocrx_word' id='word_1_241' title='bbox 2132 3487 2199 3536; x_wconf 93' lang='lat' dir='ltr'><strong>ut</strong></span> <span class='ocrx_word' id='word_1_242' title='bbox 2244 3478 2501 3554; x_wconf 90' lang='lat' dir='ltr'><strong>impera-</strong></span> 
     </span>
    </p>
   </div>
   <div class='ocr_carea' id='block_1_7' title="bbox 410 3608 2503 3847">
    <p class='ocr_par' dir='ltr' id='par_1_11' title="bbox 410 3608 2503 3847">
     <span class='ocr_line' id='line_1_32' title="bbox 494 3608 2502 3681; baseline -0.001 -17"><span class='ocrx_word' id='word_1_243' title='bbox 494 3614 579 3664; x_wconf 83' lang='lat' dir='ltr'><strong>Cf.</strong></span> <span class='ocrx_word' id='word_1_244' title='bbox 602 3611 625 3647; x_wconf 85' lang='lat'>¹</span> <span class='ocrx_word' id='word_1_245' title='bbox 647 3615 1126 3681; x_wconf 71' lang='lat' dir='ltr'><strong>propugnatorum.</strong></span> <span class='ocrx_word' id='word_1_246' title='bbox 1143 3640 1211 3649; x_wconf 93' lang='lat'><em>—</em></span> <span class='ocrx_word' id='word_1_247' title='bbox 1221 3611 1245 3644; x_wconf 78' lang='lat'>2</span> <span class='ocrx_word' id='word_1_248' title='bbox 1260 3613 1430 3664; x_wconf 87' lang='lat' dir='ltr'><strong>ortus.</strong></span> <span class='ocrx_word' id='word_1_249' title='bbox 1446 3640 1514 3649; x_wconf 93' lang='lat'>—</span> <span class='ocrx_word' id='word_1_250' title='bbox 1526 3609 1549 3644; x_wconf 80' lang='lat'><strong>⁸</strong></span> <span class='ocrx_word' id='word_1_251' title='bbox 1566 3609 1897 3676; x_wconf 69' lang='lat' dir='ltr'><strong>confugerat.</strong></span> <span class='ocrx_word' id='word_1_252' title='bbox 1912 3641 1981 3649; x_wconf 95' lang='lat'>—</span> <span class='ocrx_word' id='word_1_253' title='bbox 1992 3610 2014 3643; x_wconf 78' lang='lat'>4</span> <span class='ocrx_word' id='word_1_254' title='bbox 2032 3610 2286 3663; x_wconf 84' lang='lat' dir='ltr'><strong>officium.</strong></span> <span class='ocrx_word' id='word_1_255' title='bbox 2303 3639 2370 3647; x_wconf 89' lang='lat'>—</span> <span class='ocrx_word' id='word_1_256' title='bbox 2382 3608 2404 3643; x_wconf 79' lang='lat'>⁵</span> <span class='ocrx_word' id='word_1_257' title='bbox 2420 3624 2502 3661; x_wconf 84' lang='lat' dir='ltr'><strong>re-</strong></span> 
     </span>
     <span class='ocr_line' id='line_1_33' title="bbox 410 3691 2503 3766; baseline -0.001 -16"><span class='ocrx_word' id='word_1_258' title='bbox 410 3699 631 3765; x_wconf 82' lang='lat' dir='ltr'><strong>peritur.</strong></span> <span class='ocrx_word' id='word_1_259' title='bbox 645 3726 714 3735; x_wconf 91' lang='lat'><em>-</em></span> <span class='ocrx_word' id='word_1_260' title='bbox 724 3698 747 3731; x_wconf 78' lang='lat'>⁶</span> <span class='ocrx_word' id='word_1_261' title='bbox 765 3699 899 3750; x_wconf 86' lang='lat' dir='ltr'><strong>abit.</strong></span> <span class='ocrx_word' id='word_1_262' title='bbox 919 3726 987 3735; x_wconf 92' lang='lat'><em>—</em></span> <span class='ocrx_word' id='word_1_263' title='bbox 998 3695 1019 3730; x_wconf 81' lang='lat'>⁷</span> <span class='ocrx_word' id='word_1_264' title='bbox 1043 3696 1294 3762; x_wconf 42' lang='lat' dir='ltr'><strong>cogite-</strong></span> <span class='ocrx_word' id='word_1_265' title='bbox 1308 3692 1329 3722; x_wconf 83' lang='lat'><strong>⁸</strong></span> <span class='ocrx_word' id='word_1_266' title='bbox 1345 3695 1797 3766; x_wconf 68' lang='lat' dir='ltr'><strong>exploratoribm.</strong></span> <span class='ocrx_word' id='word_1_267' title='bbox 1814 3723 1881 3732; x_wconf 91' lang='lat'><strong>—</strong></span> <span class='ocrx_word' id='word_1_268' title='bbox 1893 3694 1916 3727; x_wconf 81' lang='lat'>⁹</span> <span class='ocrx_word' id='word_1_269' title='bbox 1934 3695 2238 3761; x_wconf 69' lang='lat' dir='ltr'><strong>praepanit.</strong></span> <span class='ocrx_word' id='word_1_270' title='bbox 2253 3722 2322 3730; x_wconf 93' lang='lat'><strong>——</strong></span> <span class='ocrx_word' id='word_1_271' title='bbox 2334 3691 2377 3729; x_wconf 84' lang='lat'><strong>¹⁰</strong></span> <span class='ocrx_word' id='word_1_272' title='bbox 2390 3695 2503 3747; x_wconf 80' lang='lat' dir='ltr'><strong>tra-</strong></span> 
     </span>
     <span class='ocr_line' id='line_1_34' title="bbox 410 3780 1137 3847; baseline -0.003 -12"><span class='ocrx_word' id='word_1_273' title='bbox 410 3783 572 3837; x_wconf 82' lang='lat' dir='ltr'><strong>didit.</strong></span> <span class='ocrx_word' id='word_1_274' title='bbox 589 3811 657 3820; x_wconf 93' lang='lat'>—</span> <span class='ocrx_word' id='word_1_275' title='bbox 669 3780 712 3815; x_wconf 82' lang='lat'><strong>¹1</strong></span> <span class='ocrx_word' id='word_1_276' title='bbox 737 3781 1137 3847; x_wconf 68' lang='lat' dir='ltr'><strong>deportaverat.</strong></span> 
     </span>
    </p>
   </div>
  </div>
 </body>
</html>
