2819 4297
455 249 578 311 128
1031 250 1032 253 ’
1180 245 1313 310 The
1364 245 1587 310 Gallie
1638 245 1806 312 War.
2306 252 2542 321 [σεε-»η

447 438 748 500 Laberius
793 442 1001 499 Durus
1041 438 1325 499 tribunus
1363 436 1624 497 militum
1658 434 2040 498 interficitur.
2129 435 2232 496 Illi
2260 434 2541 514 pleribus

448 540 773 600 submissis
803 539 1161 600 cohortibus
1190 537 1586 616 repelluntur.

1110 721 1258 763 Their
1285 720 1517 762 Methods
1543 720 1596 763 of
1622 720 1875 774 Fighting.

531 849 626 900 16.
684 842 849 902 Tete
877 842 998 902 hec
1028 841 1090 899 in
1119 858 1348 918 genere
1380 849 1644 918 pugnae,
1674 859 1814 900 cum
1859 841 1977 903 sub
2021 840 2219 902 oculis
2261 841 2540 902 omnium

446 960 520 1002 ac
562 949 676 1020 pre
722 951 941 1003 castris
986 941 1395 1015 dimicaretur,
1431 940 1814 1000 intellectum
1857 951 1955 1001 est
1997 950 2244 1003 nostres
2287 953 2541 1020 propter

385 1064 412 1118 5
445 1042 809 1120 gravitatem
854 1049 1179 1116 armerum,
1213 1041 1380 1118 quod
1421 1059 1622 1118 neque
1661 1049 1906 1118 insequi
1935 1039 2252 1102 cedentis¹
2279 1053 2540 1119 possent

316 1141 319 1144 ’
447 1161 650 1220 neque
695 1142 772 1201 ab
819 1151 1013 1221 signis
1056 1142 1378 1202 discedere
1424 1141 1738 1215 auderent,
1770 1142 1975 1201 minus
2022 1140 2248 1218 aptes²
2273 1161 2412 1202 esse
2458 1144 2538 1202 ad

446 1243 628 1303 huius
669 1242 918 1322 generis
962 1243 1238 1315 hostem3
1286 1241 1529 1318 equites
1574 1251 1777 1301 autem
1822 1249 2047 1320 magne
2084 1261 2224 1303 cum
2261 1243 2538 1319 pericule

447 1343 684 1419 proelie
741 1343 1054 1416 dimicem,
1104 1350 1431 1420 propterea
1482 1341 1652 1418 quod
1704 1341 1792 1400 illi
1842 1342 2030 1402 etiam
2081 1343 2369 1403 censulte
2418 1343 2540 1422 ple-

447 1463 705 1521 rumque
756 1444 1064 1515 cederent,
1118 1452 1181 1503 et
1237 1461 1378 1502 cum
1438 1442 1688 1519 paulum
1747 1442 1827 1500 ab
1885 1442 2234 1520 legionibus
2291 1453 2538 1505 nostres

353 1565 414 1601 10
448 1545 872 1618 removissent,
905 1563 982 1604 ex
1010 1544 1249 1604 essedis
1279 1542 1601 1622 desilirent
1629 1553 1691 1602 et
1722 1542 1985 1620 pedibus
2022 1543 2257 1621 dispari
2300 1545 2538 1622 proelis)

449 1645 914 1706 contenderent.
1005 1643 1362 1724 [Equestris
1407 1651 1614 1703 autem
1659 1643 1853 1720 proeli
1893 1643 2050 1704 ratie
2079 1654 2143 1704 et
2171 1645 2536 1706 cedentibus

450 1755 513 1806 et
542 1745 1015 1823 insequentibus
1043 1752 1154 1822 per
1184 1753 1370 1820 atque
1403 1743 1567 1803 idem
1607 1744 1946 1821 periculum
1977 1745 2332 1826 inferebat]
2427 1749 2542 1807 Ac-

449 1847 711 1907 cedebat
767 1847 889 1906 hfic
946 1854 1014 1904 ut
1072 1863 1405 1922 numquam
1463 1840 1769 1904 cenferti⁸
1823 1845 1938 1904 sed
1994 1854 2116 1905 reri
2171 1855 2537 1925 magnisque

450 1945 787 2007 intervallis
833 1941 1313 2024 proelierentur⁴
1356 1942 1821 2020 statienesque⁵
1849 1945 2185 2021 dispositis
2216 1946 2534 2022 haberent,

355 2064 414 2119 15
452 2056 637 2124 atque
681 2047 837 2107 alies
881 2045 987 2105 alii
1031 2046 1328 2123 deinceps
1371 2044 1747 2122 exciperent,
1782 2044 2128 2123 integrique
2164 2056 2227 2107 et
2255 2055 2538 2108 recentes

451 2147 808 2227 defatigetis
840 2147 1260 2207 succederent.

1132 2330 1269 2381 They
1296 2341 1378 2372 are
1404 2331 1563 2383 Again
1591 2329 1846 2372 Defeated.

534 2461 628 2510 1¹7.
687 2448 986 2512 9Postere
1029 2450 1130 2510 die
1174 2449 1385 2527 procul
1417 2457 1454 2508 e
1491 2457 1709 2508 castris
1752 2448 1964 2510 hostes
1994 2450 2058 2509 in
2088 2451 2352 2513 collibus
2395 2461 2537 2514 cen·

452 2553 752 2626 stiterunt,
785 2559 1028 2628 rarique
1058 2557 1125 2610 se
1156 2549 1484 2609 ostendere
1516 2558 1578 2608 et
1609 2548 1808 2609 lenius
1838 2569 2023 2627 quam
2053 2552 2251 2628 pridie
2292 2561 2540 2614 nostres

451 2653 692 2731 equites
744 2652 979 2729 proelie
1030 2646 1376 2710 lacessere⁷
1425 2656 1781 2725 coeperunt.
1880 2650 2005 2710 Sed
2054 2650 2350 2726 meridie,¹3
2398 2673 2538 2713 cum

353 2770 417 2806 20
453 2755 685 2814 Caesar
732 2751 1068 2829 pabulandi
1112 2758 1302 2809 cause.
1351 2766 1426 2808 111
1474 2749 1751 2826 legienes
1795 2760 1980 2827 atque
2024 2770 2270 2811 omnem
2311 2753 2541 2829 equite-

452 2863 581 2913 tum
620 2871 760 2913 cum
804 2853 875 2912 C.
908 2850 1223 2911 Trebenie
1268 2850 1473 2926 legate
1517 2848 1807 2924 misisset,
1839 2860 2090 2928 repente
2134 2870 2211 2911 ex
2251 2853 2541 2915 omnibus

451 2953 732 3030 partibus
770 2952 852 3012 ad
887 2950 1282 3029 pebuleteres
1315 2950 1778 3023 advoleverunt,
1812 2960 1902 3010 sic
1932 2960 2023 3011 uti
2052 2952 2132 3012 ab
2164 2961 2356 3031 signis
2399 2953 2543 3031 legi-

452 3053 800 3129 enibusque
845 3060 968 3111 nen
1015 3046 1434 3112 absisterent.⁹
1520 3052 1736 3109 Nostri
1778 3051 2002 3111 ecriter
2044 3052 2108 3111 in
2153 3061 2263 3113 ees
2306 3054 2543 3130 impetu

449 3154 621 3213 facte
671 3154 1085 3231 reppulerunt,
1140 3170 1356 3230 neque
1389 3150 1583 3210 finem
1643 3151 1946 3227 sequendi
1996 3153 2276 3213 fecerunt
2332 3157 2543 3231 quoad

356 3269 417 3323 25
453 3253 735 3313 subsidie
793 3252 1018 3313 confisi
1069 3250 1329 3327 equiteS,
1384 3270 1526 3309 cum
1582 3260 1727 3327 post
1784 3259 1851 3311 se
1909 3252 2186 3331 legienes
2237 3254 2539 3332 viderent,

452 3353 821 3430 praecipites
858 3353 1070 3411 hostes
1109 3358 1400 3430 egerunt3
1448 3358 1803 3428 magneque
1831 3360 2044 3412 eerum
2074 3363 2332 3415 numere
2361 3354 2543 3417 inter·

413 3449 416 3454 ’
449 3456 621 3515 fecte
651 3472 852 3529 neque
884 3461 979 3511 sui
1009 3451 1364 3529 conligendi
1397 3470 1600 3527 neque
1632 3451 2018 3513 censistendi
2055 3463 2162 3514 aut
2196 3474 2273 3515 ex
2303 3459 2543 3518 essedis

520 3605 602 3655 Cf.
627 3602 649 3638 ¹
667 3606 725 3656 se
747 3604 1081 3670 recipientis,
1092 3604 1248 3669 terga
1271 3603 1557 3654 vertentis.
1571 3630 1640 3639 —
1653 3601 1676 3634 2
1698 3603 1934 3654 idenees.
1949 3601 2052 3640 —⁸
2071 3604 2244 3656 densi.
2260 3604 2361 3643 —4
2385 3607 2546 3658 dimi-

452 3690 653 3742 citent.
672 3687 772 3726 -5
795 3688 1063 3749 subsidia.
1082 3716 1144 3725 —
1158 3687 1181 3721 θ
1198 3686 1463 3754 postridie
1487 3686 1606 3737 eins
1629 3687 1758 3737 diei.
1777 3715 1847 3724 -
1858 3685 1879 3719 ⁷
1898 3688 2112 3740 vexere.
2128 3715 2194 3723 —
2205 3687 2228 3721 ⁸
2246 3689 2545 3743 meridiane

449 3776 709 3840 tempore.
725 3801 793 3809 —
803 3771 827 3806 ⁹
849 3772 1202 3825 discederent.
