2819 4297
302 290 364 341 B.
386 288 450 339 G.
477 289 540 338 V.
566 236 670 354 45]Δ
804 276 1007 340 Fresh
1055 278 1343 361 Risings
1390 280 1473 360 of
1507 278 1612 340 the
1666 277 1895 341 Gaul5.
2264 290 2386 358 147

237 502 252 509 ·
300 489 437 530 nus.
527 469 618 528 Hi
662 478 992 547 perpetuas
1037 469 1198 529 inter
1244 476 1313 529 se
1364 467 1856 530 contreversias¹
1895 469 2210 530 habebant
2255 478 2390 529 uter

301 572 480 630 alteri
509 570 929 642 anteferretur,
962 569 1373 646 omnibusque
1416 579 1596 629 annis
1628 570 1705 630 de
1735 570 1872 630 loce
1903 577 2155 629 summis
2186 568 2389 628 simul-

299 672 534 732 tatibus
592 670 1071 730 contendebant.
1193 672 1284 729 Ex
1342 671 1442 730 his
1501 671 1696 743 Pulle,
1757 689 1897 730 cum
1954 669 2250 730 acerrime
2307 670 2387 729 ad

302 771 673 831 munitienes
717 778 1108 848 pugnaretur,
1160 770 1382 845 “Quid
1427 771 1738 842 dubitesss’
1782 770 1997 845 inquit,
2049 772 2385 830 “Vorene?

301 881 409 932 aut
452 890 635 949 quem
679 867 922 930 locum²
951 881 1094 930 tuae
1138 870 1500 948 probandae
1545 870 1784 931 virtutis
1828 873 2196 948 exspectas?
2263 872 2388 930 Hic
2460 891 2488 943 5

301 974 436 1032 dies
468 972 545 1030 de
574 981 803 1031 nostris
835 971 1272 1031 contreversiis
1303 971 1658 1031 iudicabit.''
1735 973 1917 1030 Haec
1940 989 2079 1030 cum
2110 969 2384 1043 dixisset,

300 1174 458 1232 sima
488 1182 583 1232 est
610 1181 745 1232 visa
773 1171 1083 1248 inrumpit.
1175 1174 1273 1231 Ne
1301 1173 1587 1231 Vorenus
1619 1171 1869 1248 quidem
1899 1178 2037 1230 sese
2065 1180 2196 1230 tum
2224 1170 2387 1231 velle

301 1273 599 1347 continet,
645 1273 755 1333 sed
799 1272 1071 1333 omnium
1108 1271 1339 1331 veritus
1384 1268 1944 1331 existimetienem⁴
1971 1270 2383 1348 subsequitur.
2428 1344 2431 1345 γ

304 1374 608 1434 Mediocri
632 1373 834 1451 spatie
863 1372 1077 1433 relicte
1125 1372 1301 1432 Pulle
1332 1372 1523 1450 pilum
1554 1371 1615 1430 in
1647 1372 1846 1431 hostis
1876 1369 2182 1430 immittit⁵
2202 1381 2387 1448 atque
2428 1396 2489 1433 10

301 1484 492 1533 unum
536 1493 611 1533 ex
655 1472 1043 1533 multitudine
1087 1480 1548 1550 precurrentem
1595 1471 1798 1532 treicit
1829 1469 1889 1544 3⁶
1929 1479 2054 1548 que
2093 1477 2388 1549 percusse

300 1586 362 1635 et
394 1574 746 1635 exanimate
774 1574 939 1632 hunc
964 1583 1153 1633 scutis
1185 1581 1514 1651 pretegunt
1533 1569 1554 1605 ⁷
1574 1574 1803 1645 hosteS,
1827 1572 1889 1631 in
1922 1573 2092 1632 illum
2121 1572 2389 1631 universi

301 1675 425 1735 tela
455 1674 774 1735 coniciunt
801 1693 1004 1752 neque
1046 1675 1196 1733 dant
1232 1673 1670 1751 pregrediendi
1699 1673 2077 1733 facultatem.
2165 1674 2389 1733 Trans·

304 1776 517 1853 figitur
548 1785 787 1835 scfitum
827 1775 1072 1834 Pulleni
1101 1784 1163 1834 et
1190 1784 1470 1833 verutum
1502 1774 1565 1832 in
1596 1775 1805 1834 baltee
1829 1773 2133 1852 defigitur.
2206 1765 2390 1833 Ever-

302 1877 375 1936 tit
418 1877 521 1935 hic
565 1885 747 1935 cesus
777 1885 1065 1952 veginam
1101 1885 1162 1935 et
1197 1875 1471 1953 gladium
1512 1876 1773 1935 educere
1818 1882 2069 1934 cenanti
2113 1874 2387 1932 dextram
2429 1894 2490 1949 15

305 1971 616 2036 moretur⁸
636 1995 902 2048 manum,
928 1975 1413 2052 impeditumque
1444 1975 1656 2034 hostes
1687 1974 2161 2034 circumsistunt.
2250 1975 2392 2033 Suc·

304 2076 493 2135 currit
521 2075 806 2134 inimicus
837 2074 923 2133 illi
946 2077 1232 2134 Vorenus
1263 2085 1324 2134 et
1355 2070 2021 2134 laberanti⁹subvenit.
2096 2074 2196 2133 Ad
2226 2074 2391 2132 hunc

305 2184 374 2236 se
419 2176 746 2237 censestim
793 2184 831 2235 5.
880 2177 1136 2236 Pullene
1183 2175 1385 2235 omnis
1431 2175 1758 2235 multitfidc‘)
1801 2174 2138 2249 convertit;
2188 2175 2388 2255 [illum

306 2285 523 2337 vertite
569 2278 933 2337 transfixum
987 2276 1414 2356 arbitrantur}
1525 2275 1752 2335 Gladie
1811 2276 2155 2353 comminus
2206 2272 2247 2307 ¹⁰
2264 2294 2392 2334 rem

304 2378 462 2456 gerit
508 2380 794 2437 Vorenus
851 2387 1034 2453 atque
1086 2385 1210 2436 ime
1263 2377 1589 2436 interfecte
1639 2376 1909 2452 reliques
1959 2375 2210 2454 paulum
2259 2383 2393 2452 pre·
2430 2401 2493 2437 20

305 2477 518 2555 pellit3
551 2479 695 2537 dum
726 2477 1011 2555 cupidius
1041 2486 1248 2550 instat,
1269 2476 1553 2536 inlocum
1574 2476 1851 2536 deiectus
1881 2475 2231 2536 inferierem
2255 2494 2393 2534 con-

307 2578 475 2637 cidit.
569 2579 736 2637 Huic
766 2588 973 2636 rursus
1004 2577 1426 2636 circumvent&
1458 2576 1802 2636 subsidium
1831 2577 1951 2636 fert
1982 2576 2176 2649 Pullo,
2211 2585 2393 2651 atque

307 2679 494 2738 ambe
526 2678 865 2737 incolumes
896 2677 1318 2754 compluribus
1359 2677 1702 2736 interfectis
1749 2685 1986 2736 summe.
2029 2695 2170 2736 cum
2214 2675 2395 2735 laude

308 2786 450 2839 sese
482 2779 642 2838 intra
673 2778 1044 2838 munitiones
1075 2777 1395 2854 recipiunt.
1488 2778 1589 2836 Sic
1620 2777 1870 2836 fortuna
1899 2776 1962 2834 in
1996 2776 2396 2836 contentione

310 2889 375 2939 et
405 2878 739 2939 certamine
772 2887 1096 2953 utrumque
1127 2878 1396 2938 versavit
1429 2887 1494 2937 ut
1526 2877 1679 2936 alter
1710 2876 1884 2936 alteri
1924 2876 2206 2935 inimicus
2237 2876 2398 2934 auxi·
2436 2899 2497 2951 25

311 2979 397 3038 1ἰὸ
429 2978 731 3053 salutique
769 2987 954 3050 esset,
986 2996 1187 3055 neque
1229 2978 1554 3038 diiudicari
1598 2985 1813 3054 posset
1854 2985 1989 3037 uter
2032 2985 2151 3036 utri
2179 2976 2399 3036 virtute

311 3078 754 3137 anteferendus
785 3078 1109 3137 videretur.

808 3259 1000 3301 Efforts
1026 3265 1080 3301 to
1107 3259 1291 3302 Inform
1321 3260 1487 3303 Caesar
1514 3261 1564 3301 of
1590 3261 1675 3302 the
1703 3260 1915 3313 Danger.

397 3388 494 3438 4⁵.
553 3379 805 3454 Quante
835 3388 968 3438 erat
1000 3379 1060 3437 in
1099 3378 1232 3438 dies
1267 3379 1510 3458 gravior
1549 3390 1733 3457 atque
1780 3378 2051 3457 asperior
2093 3386 2402 3455 oppugne-

311 3479 421 3553 tie,
456 3488 519 3540 et
561 3478 825 3539 maxime
873 3479 1040 3557 quod
1087 3488 1309 3557 magne
1347 3489 1523 3557 parte
1574 3480 1834 3540 militum
1884 3479 2174 3540 cenfecte
2193 3475 2233 3509 ¹¹
2282 3478 2404 3537 vol-

399 3629 484 3679 cf.
507 3627 528 3662 1
552 3629 932 3682 dissensienes.
948 3658 1016 3667 —
1030 3628 1054 3662 ²
1075 3630 1425 3682 occisienem.
1441 3659 1510 3667 —
1525 3627 1548 3662 ⁸
1573 3629 1930 3694 pregreditur.
1949 3627 2052 3665 —4
2076 3626 2399 3692 opinienem.

314 3711 416 3751 -5
438 3714 654 3765 conicit.
680 3741 748 3750 —
762 3712 784 3746 ⁶
807 3711 1115 3778 trinsfigit.
1134 3712 1235 3750 —7
1260 3712 1580 3765 defendunt.
1596 3712 1698 3749 —8
1723 3712 1977 3778 impedit.
1997 3710 2098 3747 ...⁹
2121 3710 2325 3776 presse.
2341 3735 2409 3744 -

313 3795 358 3830 1⁰
388 3794 756 3868 pfigmt.—¹¹
779 3794 1015 3864 defesse,
1042 3794 1300 3864 infirm&
1339 3812 1460 3861 opp.
1485 3795 1690 3848 validi.
