2819 4297
904 2178 1006 2221 Fxo.
1035 2184 1100 2229 46.
1117 2199 1170 2207 —-
1188 2178 1303 2219 MA?
1329 2190 1387 2219 012
1414 2178 1711 2220 Οετουυκυε.

261 2326 464 2378 Having
492 2327 630 2368 Gone
654 2327 760 2367 into
787 2325 988 2367 winter
1014 2325 1264 2376 Quartae,
1296 2325 1374 2366 He
1408 2326 1453 2367 is
1488 2325 1796 2367 'threatened
1829 2325 1895 2375 by
1924 2324 2083 2376 Lat-ge
2110 2324 2356 2366 Numbern

445 2391 497 2433 of
523 2392 610 2432 the
637 2392 817 2433 Native
844 2392 1032 2441 'rx-ibeo,
1064 2391 1199 2432 Who
1227 2391 1427 2442 Occupy
1453 2391 1538 2432 the
1568 2391 1904 2443 Neighboring
1933 2390 2162 2443 Heighte.

344 2504 398 2552 2.
460 2497 617 2555 Cum
670 2494 804 2554 dies
846 2494 1243 2553 hibernerum
1289 2493 1636 2569 compleres
1682 2502 2050 2553 transissent
2092 2494 2355 2552 fremen-

259 2604 512 2671 tumque
543 2602 618 2655 ee
648 2604 1020 2672 comportari
1063 2592 1365 2667 iussisset,
1401 2593 1608 2654 subito
1647 2613 1757 2671 per
1787 2594 2202 2671 exploratores
2233 2614 2354 2654 cer-

261 2694 381 2754 tior
433 2696 640 2754 factus
683 2705 779 2755 est
821 2714 897 2754 ex
941 2703 1016 2755 ee
1061 2704 1237 2772 parte
1281 2703 1402 2753 vici
1464 2713 1643 2769 quam
1706 2694 1902 2754 Gallis
1962 2703 2354 2753 concesserat

262 2804 464 2853 omnis
520 2804 708 2855 noctfi
772 2795 1154 2868 discessisse,
1218 2803 1571 2871 montisque
1644 2803 1749 2871 qui
1822 2794 2251 2871 impenderent
2318 2803 2356 2853 ἓ.

262 2894 528 2954 maxime
557 2896 946 2956 multitfidine
995 2896 1382 2955 Sedfinorum
1427 2905 1489 2953 et
1518 2896 1931 2972 Veragrorum
1975 2902 2187 2954 teneri.
2279 2895 2355 2953 Id
2427 2916 2453 2971 5

263 2993 499 3071 aliquot
543 2995 621 3054 de
653 3005 856 3055 causis
903 2995 1210 3055 acciderat
1255 3005 1323 3054 ut
1368 2995 1573 3055 subite
1619 2996 1784 3054 Galli
1828 2995 1974 3054 belli
2019 2994 2356 3052 renovandi

263 3094 648 3173 legienisque
677 3096 1119 3174 opprimendae
1150 3096 1478 3156 consilium
1508 3105 1834 3172 caperent:
1882 3104 2162 3172 primurn,
2191 3094 2358 3170 quod

262 3195 893 3275 legionem—neque
952 3217 1089 3258 eam
1148 3197 1587 3274 plenissimam,
1644 3197 1937 3255 detractis
1999 3194 2357 3255 cohortibus

264 3296 506 3356 duebus
546 3306 609 3357 et
652 3297 1068 3375 compleribus
1115 3297 1487 3375 singillatim,
1535 3305 1639 3373 qui
1684 3304 2060 3355 commeatfis
2104 3296 2357 3373 petendi

263 3404 452 3455 cause
484 3398 656 3457 missi
687 3407 962 3457 erant—
984 3408 1233 3475 propter
1264 3396 1637 3474 paucitatem
1669 3396 2103 3474 despiciebant
2131 3394 2183 3470 ;l
2227 3407 2355 3456 tum
2396 3423 2458 3459 10

263 3495 448 3555 etiam
481 3496 647 3572 quod
692 3507 942 3574 propter
983 3497 1370 3575 iniquitatem
1417 3497 1555 3570 loci,
1587 3516 1724 3556 cum
1772 3497 1891 3573 ipsi
1937 3517 2012 3556 ex
2041 3498 2355 3556 montibus

263 3595 327 3654 in
358 3595 578 3655 vallem
611 3597 1007 3657 decurrerent
1037 3607 1098 3658 et
1129 3597 1251 3657 tela
1293 3597 1665 3671 conicerent,
1701 3605 1779 3657 ne
1814 3607 2075 3674 primum
2108 3598 2356 3673 quidem

262 3714 448 3773 posse
500 3696 798 3773 impetum
847 3716 1025 3756 suum
1083 3697 1374 3758 sustineri
1434 3697 1883 3757 existimabant.
2002 3697 2358 3756 Accedebat

919 3829 1002 3879 Cf.
1022 3827 1041 3862 ²
1065 3831 1382 3899 despiceret,
1407 3845 1459 3893 p.
1489 3843 1508 3877 1
1523 3842 1563 3887 1,
1587 3829 1619 3877 l.
1648 3843 1725 3879 20.
