2819 4297
274 280 681 346 B.G.V11.22.]
725 269 1050 353 Uprising
1076 270 1159 351 of
1181 269 1369 333 Gaul
1391 270 1607 332 under
1642 270 2141 353 Vercingetorix.
2240 286 2364 336 201

269 460 461 538 guine
490 469 731 521 tantum
763 459 1097 521 exercitum
1128 459 1424 520 victorem
1455 461 1621 520 fame
1650 468 2079 538 censumptum
2114 461 2371 536 videtis;

272 580 459 638 quem
493 562 750 638 turpiter
779 568 847 620 se
880 580 955 620 ex
984 562 1104 621 hac
1133 561 1281 638 fuga
1311 560 1708 637 recipientem
1739 568 1820 621 ne
1852 581 1974 639 qua
1998 562 2214 621 civitas
2243 570 2372 621 suis

269 660 511 720 finibus
541 660 814 736 recipiat,
847 669 887 720 a
915 667 1013 720 me
1043 667 1358 737 previsum
1378 656 1401 692 ¹
1430 661 1588 720 est.'’

355 769 455 818 21.
517 760 882 820 Conclamat
926 760 1128 819 omnis
1170 759 1503 820 multitude
1545 771 1609 820 et
1651 767 1766 821 sue
1809 768 1981 821 mere
2017 769 2204 821 armis
2233 780 2375 820 con·

270 871 504 938 crepat,
533 861 799 937 —quod
858 862 1063 920 facere
1120 860 1185 918 in
1237 867 1314 921 ee
1361 868 1741 920 censuerunt
1796 861 1973 921 cuius
2029 862 2370 921 eretienem
2446 884 2471 935 5

272 962 658 1039 adprobant:
708 962 1053 1019 ‘Summum
1084 979 1222 1020 esse
1251 960 1821 1038 Vercingetorigem
1862 961 2100 1031 ducem,
2136 980 2251 1020 nec
2296 962 2373 1021 de

271 1061 407 1121 eius
452 1062 577 1120 fide
621 1060 1046 1131 dubitandum,
1098 1079 1213 1119 nec
1256 1060 1486 1120 meiere
1530 1056 1809 1119 ratiene²
1842 1061 2074 1119 bellum
2119 1060 2370 1119 admini-

272 1169 456 1221 strari
472 1157 495 1192 ⁸
517 1160 741 1237 posse.’
816 1161 1108 1220 Statuunt
1131 1169 1196 1218 ut
1220 1177 1265 1219 x
1289 1160 1456 1218 milia
1481 1159 1799 1218 hominum
1822 1160 2065 1220 delecta
2088 1180 2164 1220 ex
2182 1160 2371 1220 omni-

270 1262 393 1321 bus
437 1260 637 1337 cepiis
681 1259 744 1318 in
788 1259 1085 1337 oppidum
1131 1259 1594 1332 submittantur,
1637 1278 1753 1319 nec
1797 1259 1949 1320 selis
1994 1260 2371 1338 Biturigibus

272 1370 660 1421 communem
706 1361 967 1419 salutem
1012 1356 1561 1419 committendam⁴
1602 1366 1896 1432 censent3
1942 1361 2112 1437 quod
2169 1379 2369 1437 paene
2411 1380 2470 1415 10

272 1460 334 1519 in
366 1468 461 1535 ee,
494 1469 547 1519 si
578 1460 641 1520 id
671 1459 968 1537 oppidum
998 1459 1414 1533 retinuissent,
1449 1478 1747 1520 summam
1770 1460 2065 1532 victeriae
2085 1467 2369 1520 censtare

272 1561 734 1639 intellegebant.

365 1743 470 1785 The
497 1743 647 1784 Gauls
676 1743 822 1783 Make
851 1754 882 1783 a
910 1743 1044 1784 Most
1072 1742 1248 1783 skitful
1278 1741 1493 1784 Defense
1519 1742 1720 1794 against
1747 1742 1833 1783 the
1861 1743 2052 1784 Roman
2081 1742 2283 1784 Worka.

358 1869 452 1919 22.
516 1858 858 1938 Singulari³
881 1861 1139 1919 militum
1172 1868 1521 1919 nostrerum
1551 1860 1760 1920 virtfiti
1784 1859 2048 1919 censilia
2069 1859 2366 1937 cuiusque

274 1964 441 2023 modi
472 1961 795 2021 Gallerum
826 1956 1278 2032 occurrebant,⁶
1306 1969 1373 2019 ut
1394 1969 1492 2019 est
1515 1978 1791 2019 summae
1813 1978 2013 2037 genus
2037 1960 2364 2034 sollertiae,

276 2072 459 2141 atque
505 2062 586 2121 ad
628 2060 837 2121 omnia
880 2059 1180 2119 imitanda
1225 2069 1288 2119 et
1331 2058 1656 2118 efficienda
1699 2078 1859 2136 quae
1903 2068 1941 2118 a
1972 2067 2221 2137 queque
2249 2068 2366 2120 tra·
2407 2078 2465 2129 15

276 2165 501 2222 duntur
531 2161 940 2239 aptissimum.
1032 2162 1195 2219 Nam
1224 2170 1287 2219 et
1317 2160 1555 2237 laqueis
1585 2159 1764 2219 falcis
1782 2161 2162 2232 avertebant,
2190 2169 2363 2237 queS,

271 2282 414 2322 cum
479 2258 984 2335 destinaverant,⁷
1047 2269 1368 2320 tormentis
1442 2259 1745 2319 intrersus
1817 2261 2250 2333 reducebant;‘
2300 2270 2366 2321 et

273 2382 562 2441 aggerem
614 2361 916 2421 cuniculis
969 2356 1465 2432 subtrahebant,⁸
1509 2367 1587 2420 ee
1637 2358 1932 2420 scientius
1979 2361 2146 2437 quod
2198 2362 2363 2439 apud

273 2471 381 2523 ees
424 2471 686 2539 magnae
731 2471 875 2521 sunt
909 2461 1219 2534 ferrariae,
1255 2470 1444 2538 atque
1488 2479 1672 2519 omne
1715 2479 1913 2538 genus
1943 2460 2361 2522 cuniculerum

271 2571 484 2623 netum
519 2572 702 2638 atque
748 2561 1038 2621 usitatum
1085 2570 1195 2620 est.
1285 2561 1513 2620 Teturn
1559 2570 1765 2619 autem
1809 2570 2045 2619 murum
2090 2580 2166 2621 ex
2194 2572 2361 2621 omni
2402 2588 2464 2624 20

269 2673 445 2741 parte
489 2662 758 2721 turribus
801 2662 1349 2720 contabulaverant
1393 2670 1580 2736 atque
1623 2660 1738 2719 has
1766 2661 1951 2720 coriis
1995 2660 2360 2720 intexerant.

270 2766 431 2823 Tum
477 2763 707 2821 crebris
752 2762 988 2820 diurnis
1032 2769 1474 2836 nocturnisque
1533 2760 1959 2836 eruptionibus
2002 2770 2109 2820 aut
2152 2770 2361 2839 aggeri

271 2874 474 2941 ignem
527 2858 920 2920 inferebant⁹
962 2869 1069 2920 aut
1118 2860 1344 2919 milites
1396 2867 1734 2937 occupates
1792 2859 1854 2918 in
1899 2879 2084 2936 opere
2133 2861 2361 2920 adorie-

267 2965 498 3023 bantur
516 2958 589 3035 ¹⁰3
636 2970 699 3021 et
742 2970 1085 3020 nostrarum
1145 2960 1400 3020 turrium
1452 2960 1858 3033 altitudinem,
1906 2970 2203 3038 quantum
2248 2961 2361 3020 has

268 3063 620 3124 cotidianus
665 3080 851 3138 agger
909 3057 1360 3138 expresserat‚¹¹
1404 3059 1751 3120 commissis
1810 3069 2051 3120 suarum
2106 3060 2360 3121 turrium
2398 3084 2460 3136 25

268 3164 449 3224 malis
479 3163 913 3239 adaequabant
940 3185 954 3235 ;
1003 3171 1064 3221 et
1096 3169 1343 3238 apertes
1389 3160 1710 3221 cunicules
1746 3169 2034 3236 praeusta
2062 3170 2125 3220 et
2152 3180 2362 3240 praea-

269 3273 412 3325 cuta
469 3264 721 3323 materia
767 3273 830 3323 et
875 3263 1013 3339 pice
1058 3262 1400 3321 fervefacta
1448 3271 1509 3321 et
1545 3260 1793 3320 maximi
1850 3260 2144 3337 ponderis
2196 3270 2360 3321 saxis

266 3365 666 3426 morabantur
695 3363 1144 3439 moenibusque
1164 3357 1207 3392 ²²
1235 3360 1731 3439 adpropinquare
1762 3360 2188 3437 prohibebant.

354 3514 437 3563 Cf.
463 3512 483 3547 1
508 3515 745 3565 cautum.
766 3541 835 3551 —
850 3511 873 3544 ²
895 3514 1033 3564 arte.
1056 3509 1158 3548 —⁸
1182 3511 1312 3575 geri.
1340 3540 1409 3548 —
1432 3509 1453 3543 ⁴
1478 3511 1863 3572 mandandam.
1889 3538 1955 3546 —-
1977 3507 1999 3541 ⁶
2024 3509 2272 3561 eximiae.
2294 3538 2360 3545 —-

266 3597 288 3631 ⁸
310 3597 672 3650 obsistebant.
690 3593 792 3633 —7
814 3594 1146 3648 adfixerant.
1162 3593 1265 3632 —8
1289 3596 1637 3645 subruebant.
1653 3591 1756 3630 —9
1780 3593 2097 3645 iniciebant.
2116 3619 2184 3628 —
2201 3591 2243 3625 ¹⁰
2266 3594 2363 3644 ad-

267 3680 665 3745 grediebantur.
677 3708 745 3716 —
758 3676 800 3712 ¹¹
822 3679 1083 3730 erexerat.
1098 3705 1167 3714 —
1179 3674 1224 3709 12
1240 3677 1427 3727 miiris.
