2819 4297
470 264 601 326 228
1204 263 1265 325 T
1255 264 1338 327 lte
1389 262 1609 327 Gallie
1661 263 1828 326 War.
2332 272 2569 339 [cffisn

467 456 653 515 rebus
676 455 920 529 audItiS,
946 457 1113 533 quod
1134 456 1573 516 existimabant
1597 455 1791 515 tribus
1814 455 1968 515 locis
1987 463 2246 515 transire
2266 454 2564 532 legioneS,

470 556 690 636 [atque
747 565 950 616 omnis
1007 557 1401 634 perturbatos
1475 555 1828 616 defectione
1890 556 2294 615 Haeduorum
2350 555 2564 632 fugam

469 655 736 736 parare],
799 665 944 716 suas
1000 675 1247 735 quoque
1305 656 1522 733 copias
1569 655 1632 714 in
1676 663 1802 715 tras
1847 663 2040 732 partis
2099 653 2561 715 distribuerunt.

470 759 631 815 Nam
664 756 976 834 praesidio
1011 752 1085 816 ¹5
1118 756 1368 835 regione
1406 764 1745 817 castrorum
1788 756 2017 827 relicto,
2052 765 2114 814 et
2150 764 2338 832 parva
2375 766 2567 816 mana

406 872 431 925 5
471 856 889 916 Metiosadum
919 875 1133 916 versus
1165 857 1355 917 missa
1397 876 1557 934 quae
1588 866 1829 916 tantum
1871 856 2342 933 progrederetur
2374 875 2566 932 quan-

465 967 595 1017 tum
635 963 828 1017 navas
874 957 1345 1035 processissent,
1381 958 1653 1034 reliquas
1699 957 1913 1033 copias
1956 965 2174 1017 contra
2215 956 2564 1017 Labianum

467 1058 788 1119 dfixarunt.

617 1224 884 1274 Labienus,
913 1224 1103 1276 having
1128 1223 1371 1265 Attacked
1399 1223 1499 1265 and
1527 1222 1720 1264 Routed
1747 1223 1833 1264 the
1860 1222 2028 1272 Gonia,
2057 1222 2195 1274 Joins
2223 1223 2404 1264 Cesar.

551 1351 645 1401 62.
707 1345 909 1403 Prima
940 1343 1077 1402 liice
1108 1352 1169 1401 et
1201 1351 1394 1401 nostri
1427 1348 1642 1402 omnas
1689 1352 1864 1401 erant
1895 1350 2297 1419 transportati
2328 1351 2391 1401 et
2419 1342 2558 1403 hos-

467 1444 619 1505 tium
678 1443 843 1503 acies
901 1437 1314 1502 cernebatur.²
1397 1442 1732 1516 LabienuS,
1790 1442 2014 1502 milites
2073 1443 2430 1502 cohortatus
2491 1452 2563 1504 ut

376 1564 434 1600 ιο
469 1562 619 1603 suae
671 1543 965 1619 pristinae
1016 1542 1259 1601 virtfitis
1311 1552 1373 1603 et
1413 1553 1504 1602 tot
1550 1542 2134 1602 secundissimorum
2185 1543 2560 1621 proeliorum

467 1642 800 1702 retinerent
845 1641 1220 1716 memoriam,
1255 1652 1441 1719 atque
1488 1642 1689 1719 ipsum
1738 1645 2087 1717 Caesarem,
2118 1640 2331 1703 ⁸cuius
2367 1645 2559 1705 ductu

469 1761 655 1819 saepe
687 1750 942 1802 numero
980 1743 1180 1802 hostis
1220 1752 1648 1828 superassent,
1671 1754 2058 1819 praesentem
2100 1745 2317 1804 adesse
2354 1745 2561 1805 existi-

468 1852 721 1917 marent,
771 1843 879 1902 dat
929 1852 1173 1921 signum
1230 1843 1444 1921 proeli.
1536 1845 1740 1903 Primo
1803 1841 2146 1903 concursu⁴
2202 1825 2280 1904 ab
2339 1845 2560 1907 dextro

468 1954 676 2019 corna,
710 1943 815 2003 ubi
847 1944 1113 2021 septima
1156 1942 1318 2021 legio
1362 1943 1741 2016 constiterat,
1775 1943 1985 2003 hostes
2021 1945 2330 2021 pelluntur
2368 1956 2559 2023 atque

374 2053 434 2108 ι5
467 2045 531 2105 in
575 2046 786 2124 fugam
825 2042 1285 2115 coniciuntur⁸⁵3
1335 2045 1415 2104 ab
1469 2044 1733 2117 sinistro,
1770 2063 1951 2121 quem
1996 2044 2198 2104 locum
2251 2063 2346 2105 ΧΗ
2393 2047 2559 2124 legio

469 2147 736 2220 tenabat,
770 2166 910 2207 curn
944 2155 1122 2224 primi
1168 2144 1417 2206 ordines
1464 2144 1730 2204 hostium
1770 2144 2053 2205 transfixi
2084 2145 2226 2223 pilis
2256 2145 2559 2207 concidis-

469 2256 624 2320 sent,
656 2258 861 2308 tamen
892 2247 1190 2307 acerrime
1222 2245 1442 2322 reliqui
1473 2245 1860 2318 resistebant,
1894 2265 2010 2305 nec
2041 2246 2232 2307 dabat
2261 2247 2558 2325 suspicio-

468 2367 610 2408 nem
639 2349 823 2425 fugae
855 2347 1200 2423 quisquam.
1292 2349 1440 2422 Ipse
1471 2345 1597 2404 dux
1633 2345 1902 2405 hostium
1937 2346 2395 2424 Camulogenus
2426 2357 2557 2407 suis

469 2448 685 2507 aderat
729 2457 914 2523 atque
961 2455 1072 2507 eos
1120 2447 1577 2507 cohortabatur.
1688 2450 1773 2506 At
1830 2443 2106 2506 incert6⁶
2149 2448 2333 2507 etiam
2391 2429 2558 2508 nunc

374 2564 438 2601 20
468 2548 634 2607 exitii
679 2547 990 2620 victoriae,
1029 2566 1169 2606 cum
1223 2564 1314 2605 vn
1363 2546 1625 2624 legi6nis
1685 2547 1946 2606 tribunis
1990 2556 2157 2607 esset
2207 2546 2556 2607 nuntiatum
2618 2543 2624 2551 ’

469 2668 628 2726 quae
659 2648 720 2707 in
753 2647 1003 2707 sinistro
1034 2657 1225 2707 cornu
1253 2658 1628 2725 gererentur,
1660 2659 1802 2725 post
1826 2658 2064 2725 tergum
2086 2649 2355 2708 hostium
2374 2648 2559 2727 legio-

468 2768 612 2809 nem
676 2749 1084 2809 ostendarunt
1151 2745 1490 2826 ⁷signaque
1548 2747 1902 2807 intulerunt.
2019 2750 2117 2808 Na
2174 2756 2250 2809 eo
2307 2748 2556 2826 quidem

467 2861 743 2928 tempore
775 2848 1101 2927 quisquam
1131 2844 1155 2880 ⁸
1172 2848 1309 2908 loco
1340 2848 1546 2921 cessit,
1576 2849 1687 2908 sed
1712 2848 2109 2908 circumventi
2133 2856 2348 2910 omnas
2378 2849 2556 2909 inter·

466 2953 738 3029 tectique
757 2959 920 3010 sunt.
996 2950 1272 3009 Eandem
1292 2949 1601 3008 fortunam
1624 2946 1647 2981 ⁹
1667 2949 1806 3009 tulit
1831 2950 2303 3026 Camulogenus,
2393 2953 2477 3010 At
2500 2958 2556 3010 ei

379 3067 437 3119 25
470 3061 576 3129 qui
621 3052 682 3110 in
726 3050 1039 3130 praesidio
1087 3046 1131 3082 ¹⁰
1150 3058 1365 3109 contra
1409 3059 1613 3110 castra
1657 3050 1919 3109 Labieni
1963 3060 2140 3110 erant
2171 3049 2384 3124 relicti,
2416 3069 2555 3110 curn

468 3152 765 3229 proelium
795 3151 1192 3226 commissum
1234 3152 1572 3222 audissent,
1607 3150 1888 3210 subsidio
1926 3158 2056 3209 suis
2086 3149 2287 3210 iarunt
2316 3151 2561 3210 collem·

470 3271 592 3329 que
635 3258 947 3328 ceparunt,
981 3270 1184 3327 neque
1228 3257 1576 3310 nostrorum
1623 3250 1884 3309 militum
1929 3249 2229 3310 victorum
2260 3246 2556 3328 im'petum

470 3351 774 3411 sustinere
833 3353 1184 3427 potuar'unt.
1275 3352 1379 3411 Sic
1438 3370 1577 3410 cum
1638 3359 1767 3411 suis
1824 3350 2207 3429 fugientibus
2253 3351 2552 3428 permixti,

470 3458 628 3529 quos
657 3458 784 3511 non
814 3451 1006 3511 silvae
1039 3458 1406 3529 montasque
1437 3458 1738 3525 texerunt,
1773 3452 1852 3511 ab
1890 3452 2166 3528 equitatu
2206 3461 2351 3511 sunt
2380 3451 2560 3512 inter-

559 3617 644 3668 cf.
668 3614 689 3651 ¹
711 3619 990 3685 adversus,
1027 3635 1087 3669 w.
1126 3633 1232 3669 acc.
1255 3647 1325 3655 —
1344 3617 1368 3651 ²
1392 3618 1841 3684 perspiciebitur.
1867 3648 1931 3656 —
1956 3617 1980 3652 ⁸
2004 3620 2109 3684 qua
2150 3620 2299 3670 duce.
2325 3646 2394 3655 —
2412 3617 2435 3652 ⁴
2460 3618 2560 3670 im-

469 3702 619 3767 peta.
634 3700 737 3739 —⁶
754 3702 970 3754 dantur.
986 3701 1088 3740 —⁶
1107 3717 1229 3767 opp.
1244 3703 1542 3767 explorato.
1559 3700 1659 3739 —7
1678 3703 1944 3767 impetum
1967 3700 2230 3757 fecarunt.
2247 3729 2315 3739 —
2328 3700 2349 3734 ⁸
2366 3701 2565 3767 pedem

469 3786 676 3852 tetulit,
703 3786 761 3838 οδ
784 3786 1004 3851 recepit.
1022 3784 1122 3825 —⁹
1144 3789 1348 3839 casum.
1364 3784 1489 3822 —10
1512 3787 1542 3841 ὅ
1565 3787 1780 3853 regiano
1804 3788 2118 3840 castrorum.
