2819 4297
431 289 560 354 140
1152 275 1288 341 The
1338 274 1562 340 Gallie
1610 277 1779 341 War.
2283 286 2516 356 [Casan

424 465 613 541 Quod
662 466 1006 540 censilium‚
1058 476 1175 527 etsi
1228 467 1291 527 in
1345 468 1651 529 eiusmodi
1701 465 1890 529 casu¹
1936 468 2516 547 reprehendendum

424 574 550 626 nen
588 577 702 640 est,
734 577 941 627 tamen
989 566 1420 628 incommode²
1447 568 1702 643 cecidit;
1748 588 1894 628 nam
1940 578 2005 629 et
2045 578 2274 629 nostris
2317 569 2512 629 militi·

424 668 542 727 bus
587 686 762 744 spem
808 664 1065 728 minuit³
1108 679 1171 730 et
1216 670 1415 729 hostis
1463 670 1542 728 ad
1592 679 1862 747 pugnam
1910 670 2241 730 alacrieres
2289 669 2514 742 effecit,

426 767 594 844 quod
640 775 765 827 nen
813 767 946 828 sine
992 777 1232 829 summe
1276 767 1538 829 timere⁴
1583 778 1647 829 et
1692 769 2127 846 desperetiene
2174 769 2239 831 id
2285 771 2519 830 factum

364 886 391 941 5
427 868 765 928 videbatur.
878 870 1203 929 Praeterea:
1247 866 1515 943 accidit,⁵
1563 870 1729 947 quod
1773 870 1904 929 fieri
1948 889 2210 930 necesse
2254 879 2401 943 erat,
2450 880 2520 929 ut

426 968 611 1047 volge
642 968 867 1029 milites
898 971 976 1030 ab
1008 978 1201 1048 signis
1233 969 1641 1044 discederent,
1676 989 1961 1048 quaeque
2001 971 2263 1048 quisque
2306 977 2521 1030 eerum

427 1069 749 1129 carissima
798 1070 1054 1130 haberet
1098 1071 1177 1130 ab
1222 1069 1682 1147 impedimentis
1731 1080 1944 1148 petere
1996 1081 2183 1147 atque
2236 1070 2521 1147 abripere

426 1179 787 1248 properaret
813 1166 870 1244 3⁸
912 1171 1177 1232 clamere
1209 1182 1270 1231 et
1301 1172 1448 1231 fletu
1479 1171 1687 1231 omnia
1718 1164 2183 1249 complerentur.

1201 1354 1371 1406 Poliey
1398 1354 1451 1396 of
1475 1354 1745 1396 Ambiorix.

512 1482 610 1532 34.
672 1477 755 1534 At
796 1474 1078 1534 barbaris
1122 1473 1451 1533 censilium
1495 1482 1620 1534 nen
1667 1472 1909 1533 defuit.⁷
1997 1477 2159 1534 Nam
2195 1474 2386 1534 duces
2422 1482 2521 1535 ee-

335 1596 395 1634 10
432 1593 563 1633 rum
607 1582 738 1635 tete
784 1575 917 1634 acie
962 1575 1349 1657 prenuntieri
1393 1574 1705 1635 iusserunt
1751 1583 1827 1634 ne
1872 1575 2012 1652 quis
2050 1576 2127 1634 ab
2158 1575 2297 1635 loce
2326 1575 2521 1635 disce-

431 1676 629 1748 deret;
677 1675 916 1735 illerum
962 1695 1101 1735 esse
1144 1676 1439 1752 praedam
1486 1685 1671 1752 atque
1707 1676 1828 1734 illis
1868 1684 2166 1735 reserveri
2196 1694 2522 1752 quaecum-

431 1795 551 1852 que
597 1778 866 1836 Remani
910 1776 1333 1853 reliquissent3
1379 1775 1642 1853 proinde
1685 1775 1893 1835 omnia
1923 1776 1986 1835 in
2017 1775 2273 1835 victerie,
2315 1776 2521 1853 posita

431 1876 868 1936 existimarent.
946 1877 1173 1957 [Erant
1201 1886 1264 1936 et
1286 1875 1511 1936 virtute
1541 1886 1602 1936 et
1630 1884 1886 1935 numere
1917 1876 2253 1953 pugnande
2282 1877 2519 1956 pares.]

432 1978 646 2035 Nostri
692 1986 939 2036 tametsi
986 1978 1064 2036 ab
1117 1978 1274 2037 duce
1325 1986 1388 2037 et
1433 1986 1472 2037 e.
1517 1977 1765 2036 fortune.
1810 1977 2269 2048 deserebantur,
2313 1985 2520 2034 tamen

336 2095 394 2148 15
431 2095 675 2136 omnem
713 2096 887 2155 spem
928 2077 1142 2137 saletis
1173 2077 1236 2136 in
1268 2077 1493 2137 virtute
1524 2077 1878 2155 penebant3
1923 2085 1984 2135 et
2019 2075 2307 2153 quotiens
2338 2093 2524 2153 quae-

432 2198 551 2256 que
595 2179 818 2238 cohors
862 2187 1264 2256 precurrerat,
1300 2181 1378 2238 ab
1424 2187 1498 2238 ee
1542 2187 1715 2256 parte
1760 2186 2020 2255 megnus
2061 2195 2353 2236 numerus
2383 2177 2524 2235 hos-

431 2279 579 2338 tium
627 2277 934 2339 cadebat.⁸
1018 2280 1159 2354 Qua
1202 2286 1269 2339 re
1314 2279 1742 2338 animadversa
1773 2277 2093 2336 Ambiorix
2138 2277 2525 2354 prenuntiari

432 2379 602 2438 iubet
632 2390 700 2438 ut
731 2379 944 2457 procul
976 2380 1100 2439 tela
1124 2379 1437 2439 coniciant
1471 2398 1591 2438 neu
1621 2377 1877 2456 propius
1909 2378 2224 2450 accedant,
2252 2386 2313 2437 et
2334 2396 2524 2454 quam

433 2480 496 2537 in
526 2489 762 2555 partem
798 2482 1064 2539 Remeni
1097 2479 1394 2557 impetum
1426 2479 1689 2539 fecerint
1718 2480 1944 2539 cedant
1994 2477 2277 2557 [levitete
2330 2485 2526 2537 arme-

338 2607 398 2643 20
432 2598 566 2638 rum
596 2589 659 2639 et
688 2580 1001 2661 cotidiana
1031 2579 1469 2641 exercitetiene
1502 2579 1653 2638 nihil
1683 2580 1780 2638 his
1812 2585 2019 2639 noceri
2050 2578 2287 2658 posse]‚
2311 2586 2523 2637 rursus

433 2689 501 2741 se
532 2681 612 2740 ad
642 2692 820 2759 signa
850 2680 1204 2759 recipientis
1236 2690 1655 2757 insequantur.

690 2865 793 2907 The
821 2865 969 2917 Fight
996 2864 1282 2914 continues,
1313 2864 1400 2906 the
1427 2864 1647 2904 Romans
1675 2861 1993 2913 Continuauy
2022 2862 2270 2903 Worsted.

516 2994 610 3043 35.
657 2986 800 3060 Que
844 2992 1177 3062 praecepte
1222 2984 1302 3043 ab
1348 2991 1439 3042 eis
1484 2981 1951 3059 diligentissime
1996 2982 2341 3054 observate,
2383 3000 2524 3039 cum

433 3086 759 3164 quaepiam
793 3087 1014 3146 cohors
1044 3106 1120 3145 ex
1151 3085 1301 3145 orbe
1331 3091 1685 3143 excesserat
1721 3092 1907 3159 atque
1939 3083 2229 3158 impetum
2270 3082 2523 3154 fecerat,

432 3187 646 3248 hostes
717 3184 1145 3247 velecissime⁹
1214 3185 1624 3262 refugiebant.
1745 3182 2000 3241 Interim
2074 3200 2213 3240 eam
2286 3191 2524 3258 partem

338 3301 397 3355 25
433 3288 652 3348 nfideri
692 3306 948 3346 necesse
989 3295 1120 3345 erat
1156 3296 1219 3345 et
1260 3287 1337 3345 ab
1369 3286 1561 3345 latere
1594 3292 1808 3361 aperte
1839 3282 1963 3342 tela
1994 3281 2281 3359 recipere.
2372 3283 2526 3342 Rur-

434 3409 559 3463 sus,
591 3407 729 3449 cum
762 3388 824 3446 in
866 3405 1005 3445 eum
1046 3386 1247 3446 locum
1293 3386 1459 3446 unde
1504 3382 1733 3444 1⁰erant
1775 3389 2086 3461 pregressi
2128 3389 2350 3441 reverti
2392 3400 2528 3442 coe·

432 3498 667 3568 perant,
723 3497 786 3548 et
836 3488 916 3546 ab
968 3497 1059 3546 eis
1112 3496 1217 3564 qui
1268 3495 1586 3546 cesserant
1605 3482 1648 3517 ¹¹
1690 3493 1752 3543 et
1811 3485 1891 3542 ab
1950 3492 2040 3543 eis
2100 3492 2208 3561 qui
2265 3482 2526 3560 proximi

522 3638 606 3689 Cf.
640 3637 662 3672 1
686 3639 1016 3691 discrimine.
1040 3666 1108 3675 —
1128 3636 1153 3671 ²
1175 3638 1335 3690 male.
1361 3665 1427 3673 —
1452 3635 1473 3668 ⁸
1499 3634 1755 3700 detraxit,
1782 3649 1902 3697 opp.
1938 3632 2114 3686 auxit.
2133 3662 2202 3671 —
2220 3632 2245 3666 4
2266 3634 2432 3684 metii.
2457 3661 2528 3671 —

431 3722 454 3758 ⁶
476 3725 668 3777 fiebat.
692 3752 762 3760 —
781 3722 803 3755 ⁶
828 3722 1191 3776 contenderet.
1208 3718 1310 3757 —7
1338 3718 1642 3771 defecit.—
1662 3716 1683 3749 ⁸
1707 3715 2002 3768 occidebat.
2019 3714 2120 3753 —⁹
2143 3715 2431 3767 celerrime.
2457 3745 2526 3755 —

434 3806 476 3841 ¹⁰
491 3807 757 3860 exierant.
777 3805 900 3843 —11
924 3806 1081 3870 terga
1103 3803 1400 3868 verterant,
1427 3800 1620 3866 fugam
1642 3798 1937 3865 petierant.
