<?xml version="1.0" encoding="UTF-8"?>
<!DOCTYPE html PUBLIC "-//W3C//DTD XHTML 1.0 Transitional//EN"
    "http://www.w3.org/TR/xhtml1/DTD/xhtml1-transitional.dtd">
<html xmlns="http://www.w3.org/1999/xhtml" xml:lang="en" lang="en">
 <head>
  <title>
</title>
<meta http-equiv="Content-Type" content="text/html;charset=utf-8" />
  <meta name='ocr-system' content='tesseract 3.04.00' />
  <meta name='ocr-capabilities' content='ocr_page ocr_carea ocr_par ocr_line ocrx_word'/>
</head>
<body>
  <div class='ocr_page' id='page_1' title='image "./caesarsgallicwa02greegoog_0441.png"; bbox 0 0 2819 4297; ppageno 0'>
   <div class='ocr_carea' id='block_1_1' title="bbox 272 289 2496 376">
    <p class='ocr_par' dir='ltr' id='par_1_1' title="bbox 272 289 2496 376">
     <span class='ocr_line' id='line_1_1' title="bbox 272 289 2496 376; baseline 0.005 -32"><span class='ocrx_word' id='word_1_1' title='bbox 272 300 286 317; x_wconf 91' lang='lat'><strong>·</strong></span> <span class='ocrx_word' id='word_1_2' title='bbox 310 298 353 344; x_wconf 90' lang='grc' dir='ltr'><strong>Ι.</strong></span> <span class='ocrx_word' id='word_1_3' title='bbox 378 312 456 361; x_wconf 88' lang='lat'><strong>30,</strong></span> <span class='ocrx_word' id='word_1_4' title='bbox 485 298 587 362; x_wconf 85' lang='lat'>31·]</span> <span class='ocrx_word' id='word_1_5' title='bbox 853 289 1206 372; x_wconf 65' lang='lat' dir='ltr'><strong>Campazgn</strong></span> <span class='ocrx_word' id='word_1_6' title='bbox 1251 291 1520 372; x_wconf 81' lang='lat' dir='ltr'><em>against</em></span> <span class='ocrx_word' id='word_1_7' title='bbox 1564 292 1958 353; x_wconf 77' lang='lat' dir='ltr'><strong>Ariovistus.</strong></span> <span class='ocrx_word' id='word_1_8' title='bbox 2364 299 2496 376; x_wconf 86' lang='lat'><strong>289</strong></span> 
     </span>
    </p>
   </div>
   <div class='ocr_carea' id='block_1_2' title="bbox 281 481 2502 3567">
    <p class='ocr_par' dir='ltr' id='par_1_2' title="bbox 392 481 1706 545">
     <span class='ocr_line' id='line_1_2' title="bbox 392 481 1706 545; baseline -0.001 -14"><span class='ocrx_word' id='word_1_9' title='bbox 392 484 471 531; x_wconf 86' lang='lat'><strong>27</strong></span> <span class='ocrx_word' id='word_1_10' title='bbox 494 493 520 531; x_wconf 86' lang='lat'>9</span> <span class='ocrx_word' id='word_1_11' title='bbox 569 482 649 533; x_wconf 85' lang='lat' dir='ltr'><strong>id:</strong></span> <span class='ocrx_word' id='word_1_12' title='bbox 688 482 738 529; x_wconf 89' lang='lat' dir='ltr'><strong>in</strong></span> <span class='ocrx_word' id='word_1_13' title='bbox 764 497 881 545; x_wconf 86' lang='lat' dir='ltr'><strong>app.</strong></span> <span class='ocrx_word' id='word_1_14' title='bbox 907 481 1031 530; x_wconf 89' lang='lat' dir='ltr'><strong>with</strong></span> <span class='ocrx_word' id='word_1_15' title='bbox 1058 495 1125 531; x_wconf 90' lang='lat' dir='ltr'><strong>ne</strong></span> <span class='ocrx_word' id='word_1_16' title='bbox 1153 519 1166 531; x_wconf 90' lang='lat'><strong>.</strong></span> <span class='ocrx_word' id='word_1_17' title='bbox 1199 519 1210 531; x_wconf 94' lang='lat'><strong>.</strong></span> <span class='ocrx_word' id='word_1_18' title='bbox 1242 518 1255 531; x_wconf 89' lang='lat'><strong>.</strong></span> <span class='ocrx_word' id='word_1_19' title='bbox 1283 481 1706 532; x_wconf 82' lang='lat' dir='ltr'><strong>enuntiarentur.</strong></span> 
     </span>
    </p>

    <p class='ocr_par' dir='ltr' id='par_1_3' title="bbox 391 566 1297 623">
     <span class='ocr_line' id='line_1_3' title="bbox 391 566 1297 623; baseline -0.003 -9"><span class='ocrx_word' id='word_1_20' title='bbox 391 567 470 614; x_wconf 81' lang='lat'><strong>2¹7</strong></span> <span class='ocrx_word' id='word_1_21' title='bbox 498 577 547 615; x_wconf 87' lang='lat'><strong>13</strong></span> <span class='ocrx_word' id='word_1_22' title='bbox 594 567 817 623; x_wconf 86' lang='lat' dir='ltr'><strong>Galliae,</strong></span> <span class='ocrx_word' id='word_1_23' title='bbox 845 573 971 613; x_wconf 89' lang='lat' dir='ltr'><strong>etc.:</strong></span> <span class='ocrx_word' id='word_1_24' title='bbox 1015 566 1210 622; x_wconf 90' lang='lat' dir='ltr'><strong>Direct,</strong></span> <span class='ocrx_word' id='word_1_25' title='bbox 1230 595 1297 601; x_wconf 96' lang='lat'>—</span> 
     </span>
    </p>

    <p class='ocr_par' dir='ltr' id='par_1_4' title="bbox 299 650 2502 1053">
     <span class='ocr_line' id='line_1_4' title="bbox 390 650 2499 714; baseline 0.002 -16"><span class='ocrx_word' id='word_1_26' title='bbox 390 650 591 698; x_wconf 91' lang='lat' dir='ltr'><strong>Galliae</strong></span> <span class='ocrx_word' id='word_1_27' title='bbox 626 650 788 697; x_wconf 87' lang='lat' dir='ltr'><strong>totius</strong></span> <span class='ocrx_word' id='word_1_28' title='bbox 821 650 1081 696; x_wconf 85' lang='lat' dir='ltr'><strong>factiones</strong></span> <span class='ocrx_word' id='word_1_29' title='bbox 1117 656 1240 696; x_wconf 87' lang='lat' dir='ltr'><strong>sunt</strong></span> <span class='ocrx_word' id='word_1_30' title='bbox 1270 650 1438 705; x_wconf 53' lang='lat' dir='ltr'><strong>duam</strong></span> <span class='ocrx_word' id='word_1_31' title='bbox 1476 650 1661 697; x_wconf 89' lang='lat' dir='ltr'><strong>harum</strong></span> <span class='ocrx_word' id='word_1_32' title='bbox 1696 650 1909 697; x_wconf 88' lang='lat' dir='ltr'><strong>alterius</strong></span> <span class='ocrx_word' id='word_1_33' title='bbox 1948 652 2295 714; x_wconf 82' lang='lat' dir='ltr'><strong>principatum</strong></span> <span class='ocrx_word' id='word_1_34' title='bbox 2330 661 2499 702; x_wconf 84' lang='lat' dir='ltr'><strong>tenent</strong></span> 
     </span>
     <span class='ocr_line' id='line_1_5' title="bbox 309 732 2494 792; baseline 0.001 -10"><span class='ocrx_word' id='word_1_35' title='bbox 309 735 527 791; x_wconf 83' lang='lat' dir='ltr'><strong>Haedui,</strong></span> <span class='ocrx_word' id='word_1_36' title='bbox 554 734 765 781; x_wconf 88' lang='lat' dir='ltr'><strong>alterius</strong></span> <span class='ocrx_word' id='word_1_37' title='bbox 791 735 1036 781; x_wconf 82' lang='lat' dir='ltr'><strong>Arverni.</strong></span> <span class='ocrx_word' id='word_1_38' title='bbox 1111 732 1185 779; x_wconf 91' lang='lat' dir='ltr'><strong>Hi</strong></span> <span class='ocrx_word' id='word_1_39' title='bbox 1208 748 1327 780; x_wconf 91' lang='lat' dir='ltr'><strong>cum</strong></span> <span class='ocrx_word' id='word_1_40' title='bbox 1353 771 1363 780; x_wconf 94' lang='lat'><strong>.</strong></span> <span class='ocrx_word' id='word_1_41' title='bbox 1392 769 1403 780; x_wconf 90' lang='lat'><strong>.</strong></span> <span class='ocrx_word' id='word_1_42' title='bbox 1432 770 1441 780; x_wconf 91' lang='lat'><strong>.</strong></span> <span class='ocrx_word' id='word_1_43' title='bbox 1470 733 1664 780; x_wconf 89' lang='lat' dir='ltr'><strong>multos</strong></span> <span class='ocrx_word' id='word_1_44' title='bbox 1689 748 1855 781; x_wconf 89' lang='lat' dir='ltr'><strong>annos</strong></span> <span class='ocrx_word' id='word_1_45' title='bbox 1881 735 2273 792; x_wconf 85' lang='lat' dir='ltr'><strong>contenderent,</strong></span> <span class='ocrx_word' id='word_1_46' title='bbox 2297 737 2494 786; x_wconf 83' lang='lat' dir='ltr'><strong>factum</strong></span> 
     </span>
     <span class='ocr_line' id='line_1_6' title="bbox 304 801 2498 879; baseline 0.002 -15"><span class='ocrx_word' id='word_1_47' title='bbox 304 824 378 864; x_wconf 87' lang='lat' dir='ltr'><strong>est</strong></span> <span class='ocrx_word' id='word_1_48' title='bbox 410 817 486 865; x_wconf 90' lang='lat' dir='ltr'><strong>uti</strong></span> <span class='ocrx_word' id='word_1_49' title='bbox 516 855 526 865; x_wconf 87' lang='lat'><strong>.</strong></span> <span class='ocrx_word' id='word_1_50' title='bbox 558 854 568 865; x_wconf 91' lang='lat'><strong>.</strong></span> <span class='ocrx_word' id='word_1_51' title='bbox 601 855 611 865; x_wconf 91' lang='lat'><strong>.</strong></span> <span class='ocrx_word' id='word_1_52' title='bbox 644 801 892 864; x_wconf 88' lang='lat' dir='ltr'><strong>Germani</strong></span> <span class='ocrx_word' id='word_1_53' title='bbox 917 853 927 864; x_wconf 89' lang='lat'><strong>.</strong></span> <span class='ocrx_word' id='word_1_54' title='bbox 956 852 967 863; x_wconf 90' lang='lat'><strong>.</strong></span> <span class='ocrx_word' id='word_1_55' title='bbox 998 851 1007 861; x_wconf 94' lang='lat'><strong>.</strong></span> <span class='ocrx_word' id='word_1_56' title='bbox 1034 824 1435 863; x_wconf 85' lang='lat' dir='ltr'><strong>arcesserentur.</strong></span> <span class='ocrx_word' id='word_1_57' title='bbox 1512 816 1717 864; x_wconf 89' lang='lat' dir='ltr'><strong>Horum</strong></span> <span class='ocrx_word' id='word_1_58' title='bbox 1744 817 1911 879; x_wconf 90' lang='lat' dir='ltr'><strong>primo</strong></span> <span class='ocrx_word' id='word_1_59' title='bbox 1938 856 1948 866; x_wconf 91' lang='lat'><strong>.</strong></span> <span class='ocrx_word' id='word_1_60' title='bbox 1977 855 1987 865; x_wconf 91' lang='lat'><strong>.</strong></span> <span class='ocrx_word' id='word_1_61' title='bbox 2014 855 2025 866; x_wconf 89' lang='lat'><strong>.</strong></span> <span class='ocrx_word' id='word_1_62' title='bbox 2053 819 2193 867; x_wconf 88' lang='lat' dir='ltr'><strong>milia</strong></span> <span class='ocrx_word' id='word_1_63' title='bbox 2218 858 2228 868; x_wconf 91' lang='lat'><strong>.</strong></span> <span class='ocrx_word' id='word_1_64' title='bbox 2257 859 2266 868; x_wconf 99' lang='lat'><strong>.</strong></span> <span class='ocrx_word' id='word_1_65' title='bbox 2296 858 2306 868; x_wconf 87' lang='lat'><strong>.</strong></span> <span class='ocrx_word' id='word_1_66' title='bbox 2332 828 2498 868; x_wconf 85' lang='lat' dir='ltr'><strong>trans-</strong></span> 
     </span>
     <span class='ocr_line' id='line_1_7' title="bbox 306 899 2502 964; baseline 0.002 -16"><span class='ocrx_word' id='word_1_67' title='bbox 306 905 482 948; x_wconf 82' lang='lat' dir='ltr'><strong>ierunt</strong></span> <span class='ocrx_word' id='word_1_68' title='bbox 497 917 516 957; x_wconf 92' lang='lat'><strong>,·</strong></span> <span class='ocrx_word' id='word_1_69' title='bbox 564 908 911 964; x_wconf 87' lang='lat' dir='ltr'><strong>posteaquam</strong></span> <span class='ocrx_word' id='word_1_70' title='bbox 953 915 1107 963; x_wconf 88' lang='lat' dir='ltr'><strong>agros</strong></span> <span class='ocrx_word' id='word_1_71' title='bbox 1145 938 1155 948; x_wconf 91' lang='lat'><strong>.</strong></span> <span class='ocrx_word' id='word_1_72' title='bbox 1196 938 1206 948; x_wconf 91' lang='lat'><strong>.</strong></span> <span class='ocrx_word' id='word_1_73' title='bbox 1246 937 1257 948; x_wconf 93' lang='lat'><strong>.</strong></span> <span class='ocrx_word' id='word_1_74' title='bbox 1296 899 1536 947; x_wconf 88' lang='lat' dir='ltr'><strong>homines</strong></span> <span class='ocrx_word' id='word_1_75' title='bbox 1574 938 1583 948; x_wconf 94' lang='lat'><strong>.</strong></span> <span class='ocrx_word' id='word_1_76' title='bbox 1623 938 1634 948; x_wconf 95' lang='lat'><strong>.</strong></span> <span class='ocrx_word' id='word_1_77' title='bbox 1677 938 1687 948; x_wconf 91' lang='lat'><strong>.</strong></span> <span class='ocrx_word' id='word_1_78' title='bbox 1728 902 2061 960; x_wconf 82' lang='lat' dir='ltr'><strong>adamarunt,</strong></span> <span class='ocrx_word' id='word_1_79' title='bbox 2109 906 2337 954; x_wconf 84' lang='lat' dir='ltr'><strong>traducti</strong></span> <span class='ocrx_word' id='word_1_80' title='bbox 2378 913 2502 953; x_wconf 86' lang='lat' dir='ltr'><strong>sunt</strong></span> 
     </span>
     <span class='ocr_line' id='line_1_8' title="bbox 299 983 2494 1053; baseline 0.002 -21"><span class='ocrx_word' id='word_1_81' title='bbox 299 987 515 1048; x_wconf 83' lang='lat' dir='ltr'><strong>plures‚·</strong></span> <span class='ocrx_word' id='word_1_82' title='bbox 553 999 689 1032; x_wconf 90' lang='lat' dir='ltr'><strong>nunc</strong></span> <span class='ocrx_word' id='word_1_83' title='bbox 722 991 847 1031; x_wconf 83' lang='lat' dir='ltr'><strong>sunt</strong></span> <span class='ocrx_word' id='word_1_84' title='bbox 875 983 925 1032; x_wconf 92' lang='lat' dir='ltr'><strong>in</strong></span> <span class='ocrx_word' id='word_1_85' title='bbox 960 984 1132 1031; x_wconf 88' lang='lat' dir='ltr'><strong>Gallia</strong></span> <span class='ocrx_word' id='word_1_86' title='bbox 1168 983 1236 1030; x_wconf 91' lang='lat' dir='ltr'><strong>ad</strong></span> <span class='ocrx_word' id='word_1_87' title='bbox 1263 996 1375 1030; x_wconf 86' lang='lat' dir='ltr'><strong>cxx</strong></span> <span class='ocrx_word' id='word_1_88' title='bbox 1412 983 1611 1031; x_wconf 87' lang='lat' dir='ltr'><strong>milium</strong></span> <span class='ocrx_word' id='word_1_89' title='bbox 1648 1000 1921 1033; x_wconf 89' lang='lat' dir='ltr'><strong>numerum</strong></span> <span class='ocrx_word' id='word_1_90' title='bbox 1951 987 2114 1050; x_wconf 87' lang='lat' dir='ltr'><strong>(more</strong></span> <span class='ocrx_word' id='word_1_91' title='bbox 2147 988 2397 1053; x_wconf 89' lang='lat' dir='ltr'><strong>probably</strong></span> <span class='ocrx_word' id='word_1_92' title='bbox 2421 992 2494 1037; x_wconf 85' lang='lat' dir='ltr'><strong>ad</strong></span> 
     </span>
    </p>

    <p class='ocr_par' dir='ltr' id='par_1_5' title="bbox 306 1067 2502 1641">
     <span class='ocr_line' id='line_1_9' title="bbox 358 1067 2494 1135; baseline 0.002 -20"><span class='ocrx_word' id='word_1_93' title='bbox 358 1105 368 1115; x_wconf 90' lang='lat'><strong>.</strong></span> <span class='ocrx_word' id='word_1_94' title='bbox 407 1104 418 1115; x_wconf 89' lang='lat'><strong>.</strong></span> <span class='ocrx_word' id='word_1_95' title='bbox 456 1070 609 1116; x_wconf 85' lang='lat' dir='ltr'><strong>milia</strong></span> <span class='ocrx_word' id='word_1_96' title='bbox 645 1068 896 1131; x_wconf 79' lang='lat' dir='ltr'><strong>numero).</strong></span> <span class='ocrx_word' id='word_1_97' title='bbox 971 1067 1108 1115; x_wconf 90' lang='lat' dir='ltr'><strong>Cum</strong></span> <span class='ocrx_word' id='word_1_98' title='bbox 1133 1067 1214 1114; x_wconf 92' lang='lat' dir='ltr'><strong>his</strong></span> <span class='ocrx_word' id='word_1_99' title='bbox 1240 1069 1451 1115; x_wconf 82' lang='lat' dir='ltr'><strong>Haedui</strong></span> <span class='ocrx_word' id='word_1_100' title='bbox 1486 1106 1496 1116; x_wconf 94' lang='lat'><strong>.</strong></span> <span class='ocrx_word' id='word_1_101' title='bbox 1536 1105 1546 1115; x_wconf 90' lang='lat'><strong>.</strong></span> <span class='ocrx_word' id='word_1_102' title='bbox 1591 1105 1601 1116; x_wconf 91' lang='lat'><strong>.</strong></span> <span class='ocrx_word' id='word_1_103' title='bbox 1640 1069 1794 1115; x_wconf 89' lang='lat' dir='ltr'><strong>armis</strong></span> <span class='ocrx_word' id='word_1_104' title='bbox 1820 1072 2184 1119; x_wconf 79' lang='lat' dir='ltr'><strong>contenderunt</strong></span> <span class='ocrx_word' id='word_1_105' title='bbox 2197 1088 2218 1128; x_wconf 91' lang='lat'><strong>‚·</strong></span> <span class='ocrx_word' id='word_1_106' title='bbox 2257 1087 2494 1135; x_wconf 90' lang='lat' dir='ltr'><strong>magnam</strong></span> 
     </span>
     <span class='ocr_line' id='line_1_10' title="bbox 307 1151 2494 1215; baseline 0.001 -15"><span class='ocrx_word' id='word_1_107' title='bbox 307 1153 659 1201; x_wconf 86' lang='lat' dir='ltr'><strong>calamitatem</strong></span> <span class='ocrx_word' id='word_1_108' title='bbox 673 1155 826 1214; x_wconf 82' lang='lat' dir='ltr'><em>pulsi</em></span> <span class='ocrx_word' id='word_1_109' title='bbox 846 1159 1156 1214; x_wconf 81' lang='lat' dir='ltr'><strong>acceperunt,</strong></span> <span class='ocrx_word' id='word_1_110' title='bbox 1184 1167 1395 1199; x_wconf 91' lang='lat' dir='ltr'><strong>omnem</strong></span> <span class='ocrx_word' id='word_1_111' title='bbox 1432 1151 1761 1200; x_wconf 89' lang='lat' dir='ltr'><strong>nobilitatem</strong></span> <span class='ocrx_word' id='word_1_112' title='bbox 1794 1191 1804 1201; x_wconf 91' lang='lat'><strong>.</strong></span> <span class='ocrx_word' id='word_1_113' title='bbox 1837 1191 1848 1201; x_wconf 95' lang='lat'><strong>.</strong></span> <span class='ocrx_word' id='word_1_114' title='bbox 1881 1192 1890 1201; x_wconf 99' lang='lat'><strong>.</strong></span> <span class='ocrx_word' id='word_1_115' title='bbox 1920 1157 2218 1204; x_wconf 81' lang='lat' dir='ltr'><strong>amiserunt.</strong></span> <span class='ocrx_word' id='word_1_116' title='bbox 2291 1155 2494 1215; x_wconf 77' lang='lat' dir='ltr'><strong>Quibus</strong></span> 
     </span>
     <span class='ocr_line' id='line_1_11' title="bbox 306 1236 2495 1301; baseline 0.002 -17"><span class='ocrx_word' id='word_1_117' title='bbox 306 1237 517 1300; x_wconf 90' lang='lat' dir='ltr'><strong>proeliis</strong></span> <span class='ocrx_word' id='word_1_118' title='bbox 543 1275 553 1285; x_wconf 91' lang='lat'><strong>.</strong></span> <span class='ocrx_word' id='word_1_119' title='bbox 582 1275 592 1286; x_wconf 91' lang='lat'><strong>.</strong></span> <span class='ocrx_word' id='word_1_120' title='bbox 621 1274 631 1285; x_wconf 91' lang='lat'><strong>.</strong></span> <span class='ocrx_word' id='word_1_121' title='bbox 644 1238 829 1301; x_wconf 80' lang='lat' dir='ltr'><strong>fracti,</strong></span> <span class='ocrx_word' id='word_1_122' title='bbox 857 1236 947 1300; x_wconf 91' lang='lat' dir='ltr'><strong>qui</strong></span> <span class='ocrx_word' id='word_1_123' title='bbox 973 1274 983 1284; x_wconf 90' lang='lat'><strong>.</strong></span> <span class='ocrx_word' id='word_1_124' title='bbox 1012 1273 1022 1284; x_wconf 91' lang='lat'><strong>.</strong></span> <span class='ocrx_word' id='word_1_125' title='bbox 1051 1273 1060 1283; x_wconf 91' lang='lat'><strong>.</strong></span> <span class='ocrx_word' id='word_1_126' title='bbox 1087 1236 1368 1299; x_wconf 90' lang='lat' dir='ltr'><strong>plurimum</strong></span> <span class='ocrx_word' id='word_1_127' title='bbox 1393 1244 1516 1284; x_wconf 88' lang='lat' dir='ltr'><strong>ante</strong></span> <span class='ocrx_word' id='word_1_128' title='bbox 1544 1274 1555 1284; x_wconf 95' lang='lat'><strong>.</strong></span> <span class='ocrx_word' id='word_1_129' title='bbox 1584 1275 1593 1285; x_wconf 94' lang='lat'><strong>.</strong></span> <span class='ocrx_word' id='word_1_130' title='bbox 1622 1274 1632 1284; x_wconf 95' lang='lat'><strong>.</strong></span> <span class='ocrx_word' id='word_1_131' title='bbox 1653 1245 1941 1299; x_wconf 77' lang='lat' dir='ltr'><strong>potuerant,</strong></span> <span class='ocrx_word' id='word_1_132' title='bbox 1966 1242 2122 1286; x_wconf 80' lang='lat' dir='ltr'><strong>coacti</strong></span> <span class='ocrx_word' id='word_1_133' title='bbox 2149 1246 2272 1286; x_wconf 85' lang='lat' dir='ltr'><strong>sunt</strong></span> <span class='ocrx_word' id='word_1_134' title='bbox 2296 1277 2305 1287; x_wconf 93' lang='lat'><strong>.</strong></span> <span class='ocrx_word' id='word_1_135' title='bbox 2334 1277 2344 1288; x_wconf 91' lang='lat'><strong>.</strong></span> <span class='ocrx_word' id='word_1_136' title='bbox 2372 1278 2381 1287; x_wconf 94' lang='lat'><strong>.</strong></span> <span class='ocrx_word' id='word_1_137' title='bbox 2410 1240 2495 1288; x_wconf 93' lang='lat' dir='ltr'><strong>ob-</strong></span> 
     </span>
     <span class='ocr_line' id='line_1_12' title="bbox 306 1321 2494 1385; baseline 0.001 -17"><span class='ocrx_word' id='word_1_138' title='bbox 306 1321 446 1369; x_wconf 87' lang='lat' dir='ltr'><strong>sides</strong></span> <span class='ocrx_word' id='word_1_139' title='bbox 470 1321 609 1377; x_wconf 90' lang='lat' dir='ltr'><strong>dare,</strong></span> <span class='ocrx_word' id='word_1_140' title='bbox 636 1328 735 1369; x_wconf 90' lang='lat' dir='ltr'><strong>etc.</strong></span> <span class='ocrx_word' id='word_1_141' title='bbox 815 1321 962 1369; x_wconf 83' lang='lat' dir='ltr'><strong>Unus</strong></span> <span class='ocrx_word' id='word_1_142' title='bbox 990 1337 1074 1382; x_wconf 75' lang='lat' dir='ltr'><strong>ego</strong></span> <span class='ocrx_word' id='word_1_143' title='bbox 1097 1336 1209 1367; x_wconf 87' lang='lat' dir='ltr'><strong>sum</strong></span> <span class='ocrx_word' id='word_1_144' title='bbox 1243 1336 1310 1368; x_wconf 86' lang='lat' dir='ltr'><strong>ex</strong></span> <span class='ocrx_word' id='word_1_145' title='bbox 1341 1321 1485 1368; x_wconf 90' lang='lat' dir='ltr'><strong>omni</strong></span> <span class='ocrx_word' id='word_1_146' title='bbox 1516 1321 1726 1369; x_wconf 87' lang='lat' dir='ltr'><strong>civitate</strong></span> <span class='ocrx_word' id='word_1_147' title='bbox 1755 1358 1766 1368; x_wconf 93' lang='lat'><strong>.</strong></span> <span class='ocrx_word' id='word_1_148' title='bbox 1795 1358 1804 1368; x_wconf 94' lang='lat'><strong>.</strong></span> <span class='ocrx_word' id='word_1_149' title='bbox 1836 1359 1845 1368; x_wconf 91' lang='lat'><strong>.</strong></span> <span class='ocrx_word' id='word_1_150' title='bbox 1871 1323 1959 1385; x_wconf 89' lang='lat' dir='ltr'><strong>qui</strong></span> <span class='ocrx_word' id='word_1_151' title='bbox 1989 1322 2177 1370; x_wconf 90' lang='lat' dir='ltr'><strong>adduci</strong></span> <span class='ocrx_word' id='word_1_152' title='bbox 2204 1339 2308 1370; x_wconf 92' lang='lat' dir='ltr'><strong>non</strong></span> <span class='ocrx_word' id='word_1_153' title='bbox 2329 1332 2494 1385; x_wconf 83' lang='lat' dir='ltr'><strong>potue-</strong></span> 
     </span>
     <span class='ocr_line' id='line_1_13' title="bbox 306 1404 2502 1471; baseline 0.001 -18"><span class='ocrx_word' id='word_1_154' title='bbox 306 1407 408 1453; x_wconf 82' lang='lat' dir='ltr'><strong>rim</strong></span> <span class='ocrx_word' id='word_1_155' title='bbox 438 1414 492 1454; x_wconf 87' lang='lat' dir='ltr'><strong>ut</strong></span> <span class='ocrx_word' id='word_1_156' title='bbox 518 1408 747 1454; x_wconf 80' lang='lat' dir='ltr'><strong>iurarem</strong></span> <span class='ocrx_word' id='word_1_157' title='bbox 775 1412 866 1453; x_wconf 88' lang='lat' dir='ltr'><strong>aut</strong></span> <span class='ocrx_word' id='word_1_158' title='bbox 893 1404 1084 1452; x_wconf 86' lang='lat' dir='ltr'><strong>liberos</strong></span> <span class='ocrx_word' id='word_1_159' title='bbox 1112 1421 1244 1452; x_wconf 85' lang='lat' dir='ltr'><strong>meos</strong></span> <span class='ocrx_word' id='word_1_160' title='bbox 1270 1405 1483 1453; x_wconf 86' lang='lat' dir='ltr'><strong>obsides</strong></span> <span class='ocrx_word' id='word_1_161' title='bbox 1512 1407 1705 1454; x_wconf 83' lang='lat' dir='ltr'><strong>darem.</strong></span> <span class='ocrx_word' id='word_1_162' title='bbox 1779 1406 1863 1454; x_wconf 90' lang='lat' dir='ltr'><strong>Ob</strong></span> <span class='ocrx_word' id='word_1_163' title='bbox 1889 1422 2003 1453; x_wconf 88' lang='lat' dir='ltr'><strong>eam</strong></span> <span class='ocrx_word' id='word_1_164' title='bbox 2030 1422 2136 1453; x_wconf 88' lang='lat' dir='ltr'><strong>rem</strong></span> <span class='ocrx_word' id='word_1_165' title='bbox 2168 1444 2177 1454; x_wconf 91' lang='lat'><strong>.</strong></span> <span class='ocrx_word' id='word_1_166' title='bbox 2210 1444 2220 1454; x_wconf 91' lang='lat'><strong>.</strong></span> <span class='ocrx_word' id='word_1_167' title='bbox 2254 1445 2263 1455; x_wconf 90' lang='lat'><strong>.</strong></span> <span class='ocrx_word' id='word_1_168' title='bbox 2284 1409 2502 1471; x_wconf 77' lang='lat' dir='ltr'><strong>profugi</strong></span> 
     </span>
     <span class='ocr_line' id='line_1_14' title="bbox 308 1489 2497 1554; baseline 0.001 -16"><span class='ocrx_word' id='word_1_169' title='bbox 308 1498 360 1538; x_wconf 87' lang='lat' dir='ltr'><strong>et</strong></span> <span class='ocrx_word' id='word_1_170' title='bbox 388 1490 610 1538; x_wconf 89' lang='lat' dir='ltr'><strong>Romam</strong></span> <span class='ocrx_word' id='word_1_171' title='bbox 635 1489 704 1538; x_wconf 89' lang='lat' dir='ltr'><strong>ad</strong></span> <span class='ocrx_word' id='word_1_172' title='bbox 727 1497 970 1538; x_wconf 91' lang='lat' dir='ltr'><strong>senatum</strong></span> <span class='ocrx_word' id='word_1_173' title='bbox 994 1491 1115 1537; x_wconf 84' lang='lat' dir='ltr'><strong>veni</strong></span> <span class='ocrx_word' id='word_1_174' title='bbox 1139 1527 1150 1537; x_wconf 96' lang='lat'><strong>.</strong></span> <span class='ocrx_word' id='word_1_175' title='bbox 1179 1527 1189 1538; x_wconf 89' lang='lat'><strong>.</strong></span> <span class='ocrx_word' id='word_1_176' title='bbox 1218 1527 1229 1537; x_wconf 96' lang='lat'><strong>.</strong></span> <span class='ocrx_word' id='word_1_177' title='bbox 1260 1490 1406 1553; x_wconf 89' lang='lat' dir='ltr'><strong>quod</strong></span> <span class='ocrx_word' id='word_1_178' title='bbox 1432 1490 1577 1538; x_wconf 91' lang='lat' dir='ltr'><strong>solus</strong></span> <span class='ocrx_word' id='word_1_179' title='bbox 1604 1506 1774 1553; x_wconf 89' lang='lat' dir='ltr'><strong>neque</strong></span> <span class='ocrx_word' id='word_1_180' title='bbox 1802 1491 1909 1538; x_wconf 89' lang='lat' dir='ltr'><strong>iure</strong></span> <span class='ocrx_word' id='word_1_181' title='bbox 1936 1490 2151 1538; x_wconf 89' lang='lat' dir='ltr'><strong>iurando</strong></span> <span class='ocrx_word' id='word_1_182' title='bbox 2177 1507 2344 1554; x_wconf 88' lang='lat' dir='ltr'><strong>neque</strong></span> <span class='ocrx_word' id='word_1_183' title='bbox 2365 1492 2497 1540; x_wconf 87' lang='lat' dir='ltr'><strong>obsi·</strong></span> 
     </span>
     <span class='ocr_line' id='line_1_15' title="bbox 306 1574 1810 1641; baseline 0.003 -19"><span class='ocrx_word' id='word_1_184' title='bbox 306 1574 458 1623; x_wconf 89' lang='lat' dir='ltr'><strong>dibus</strong></span> <span class='ocrx_word' id='word_1_185' title='bbox 483 1575 698 1624; x_wconf 83' lang='lat' dir='ltr'><strong>tenebar.</strong></span> <span class='ocrx_word' id='word_1_186' title='bbox 1807 1639 1810 1641; x_wconf 14' lang='grc' dir='ltr'><strong>Α</strong></span> 
     </span>
    </p>

    <p class='ocr_par' dir='ltr' id='par_1_6' title="bbox 306 1657 2501 2228">
     <span class='ocr_line' id='line_1_16' title="bbox 392 1657 2501 1722; baseline 0.001 -15"><span class='ocrx_word' id='word_1_187' title='bbox 392 1658 498 1707; x_wconf 91' lang='lat' dir='ltr'><strong>Sed</strong></span> <span class='ocrx_word' id='word_1_188' title='bbox 516 1659 666 1722; x_wconf 90' lang='lat' dir='ltr'><strong>peius</strong></span> <span class='ocrx_word' id='word_1_189' title='bbox 690 1657 975 1707; x_wconf 88' lang='lat' dir='ltr'><strong>victoribus</strong></span> <span class='ocrx_word' id='word_1_190' title='bbox 1014 1658 1275 1722; x_wconf 86' lang='lat' dir='ltr'><strong>Sequanis</strong></span> <span class='ocrx_word' id='word_1_191' title='bbox 1308 1659 1506 1716; x_wconf 80' lang='lat' dir='ltr'><strong>accidit,</strong></span> <span class='ocrx_word' id='word_1_192' title='bbox 1539 1696 1548 1707; x_wconf 95' lang='lat'><strong>.</strong></span> <span class='ocrx_word' id='word_1_193' title='bbox 1581 1696 1592 1707; x_wconf 93' lang='lat'><strong>.</strong></span> <span class='ocrx_word' id='word_1_194' title='bbox 1623 1696 1634 1707; x_wconf 93' lang='lat'><strong>.</strong></span> <span class='ocrx_word' id='word_1_195' title='bbox 1667 1659 1810 1722; x_wconf 90' lang='lat' dir='ltr'><strong>quod</strong></span> <span class='ocrx_word' id='word_1_196' title='bbox 1838 1659 2129 1707; x_wconf 88' lang='lat' dir='ltr'><strong>Ariovistus</strong></span> <span class='ocrx_word' id='word_1_197' title='bbox 2159 1698 2168 1707; x_wconf 95' lang='lat'><strong>.</strong></span> <span class='ocrx_word' id='word_1_198' title='bbox 2200 1697 2211 1708; x_wconf 89' lang='lat'><strong>.</strong></span> <span class='ocrx_word' id='word_1_199' title='bbox 2244 1698 2253 1708; x_wconf 94' lang='lat'><strong>.</strong></span> <span class='ocrx_word' id='word_1_200' title='bbox 2284 1662 2501 1710; x_wconf 84' lang='lat' dir='ltr'><strong>consedit</strong></span> 
     </span>
     <span class='ocr_line' id='line_1_17' title="bbox 307 1743 2497 1807; baseline 0.001 -17"><span class='ocrx_word' id='word_1_201' title='bbox 307 1743 616 1806; x_wconf 90' lang='lat' dir='ltr'><strong>tertiamque</strong></span> <span class='ocrx_word' id='word_1_202' title='bbox 640 1752 845 1807; x_wconf 86' lang='lat' dir='ltr'><strong>partem</strong></span> <span class='ocrx_word' id='word_1_203' title='bbox 870 1743 978 1807; x_wconf 90' lang='lat' dir='ltr'><strong>agri</strong></span> <span class='ocrx_word' id='word_1_204' title='bbox 1004 1781 1013 1792; x_wconf 95' lang='lat'><strong>.</strong></span> <span class='ocrx_word' id='word_1_205' title='bbox 1043 1780 1053 1791; x_wconf 93' lang='lat'><strong>.</strong></span> <span class='ocrx_word' id='word_1_206' title='bbox 1084 1780 1094 1791; x_wconf 89' lang='lat'><strong>.</strong></span> <span class='ocrx_word' id='word_1_207' title='bbox 1123 1743 1213 1807; x_wconf 90' lang='lat' dir='ltr'><strong>qui</strong></span> <span class='ocrx_word' id='word_1_208' title='bbox 1236 1750 1310 1790; x_wconf 83' lang='lat' dir='ltr'><strong>est</strong></span> <span class='ocrx_word' id='word_1_209' title='bbox 1335 1744 1565 1805; x_wconf 88' lang='lat' dir='ltr'><strong>optimus</strong></span> <span class='ocrx_word' id='word_1_210' title='bbox 1593 1781 1603 1791; x_wconf 91' lang='lat'><strong>.</strong></span> <span class='ocrx_word' id='word_1_211' title='bbox 1631 1780 1641 1790; x_wconf 91' lang='lat'><strong>.</strong></span> <span class='ocrx_word' id='word_1_212' title='bbox 1672 1780 1682 1790; x_wconf 88' lang='lat'><strong>.</strong></span> <span class='ocrx_word' id='word_1_213' title='bbox 1709 1745 1978 1804; x_wconf 79' lang='lat' dir='ltr'><strong>occupavit,</strong></span> <span class='ocrx_word' id='word_1_214' title='bbox 2000 1751 2051 1790; x_wconf 89' lang='lat' dir='ltr'><strong>et</strong></span> <span class='ocrx_word' id='word_1_215' title='bbox 2076 1759 2211 1791; x_wconf 90' lang='lat' dir='ltr'><strong>nunc</strong></span> <span class='ocrx_word' id='word_1_216' title='bbox 2239 1782 2248 1792; x_wconf 88' lang='lat'><strong>.</strong></span> <span class='ocrx_word' id='word_1_217' title='bbox 2277 1782 2286 1792; x_wconf 88' lang='lat'><strong>.</strong></span> <span class='ocrx_word' id='word_1_218' title='bbox 2315 1782 2324 1792; x_wconf 91' lang='lat'><strong>.</strong></span> <span class='ocrx_word' id='word_1_219' title='bbox 2351 1744 2497 1792; x_wconf 89' lang='lat' dir='ltr'><strong>dece·</strong></span> 
     </span>
     <span class='ocr_line' id='line_1_18' title="bbox 307 1826 2494 1891; baseline 0 -16"><span class='ocrx_word' id='word_1_220' title='bbox 307 1827 429 1875; x_wconf 90' lang='lat' dir='ltr'><strong>dere</strong></span> <span class='ocrx_word' id='word_1_221' title='bbox 455 1829 600 1885; x_wconf 85' lang='lat' dir='ltr'><strong>iubet,</strong></span> <span class='ocrx_word' id='word_1_222' title='bbox 626 1836 906 1891; x_wconf 89' lang='lat' dir='ltr'><strong>propterea</strong></span> <span class='ocrx_word' id='word_1_223' title='bbox 932 1826 1077 1891; x_wconf 91' lang='lat' dir='ltr'><strong>quod</strong></span> <span class='ocrx_word' id='word_1_224' title='bbox 1103 1865 1113 1875; x_wconf 91' lang='lat'><strong>.</strong></span> <span class='ocrx_word' id='word_1_225' title='bbox 1144 1864 1155 1874; x_wconf 96' lang='lat'><strong>.</strong></span> <span class='ocrx_word' id='word_1_226' title='bbox 1183 1865 1192 1875; x_wconf 88' lang='lat'><strong>.</strong></span> <span class='ocrx_word' id='word_1_227' title='bbox 1220 1827 1362 1874; x_wconf 89' lang='lat' dir='ltr'><strong>milia</strong></span> <span class='ocrx_word' id='word_1_228' title='bbox 1399 1827 1670 1875; x_wconf 88' lang='lat' dir='ltr'><strong>hominum</strong></span> <span class='ocrx_word' id='word_1_229' title='bbox 1704 1839 1880 1874; x_wconf 77' lang='lat' dir='ltr'>XXIIII</span> <span class='ocrx_word' id='word_1_230' title='bbox 1908 1864 1918 1874; x_wconf 92' lang='lat'><strong>.</strong></span> <span class='ocrx_word' id='word_1_231' title='bbox 1949 1864 1958 1874; x_wconf 88' lang='lat'><strong>.</strong></span> <span class='ocrx_word' id='word_1_232' title='bbox 1985 1864 1995 1874; x_wconf 91' lang='lat'><strong>.</strong></span> <span class='ocrx_word' id='word_1_233' title='bbox 2022 1835 2282 1884; x_wconf 79' lang='lat' dir='ltr'><strong>venerunt,</strong></span> <span class='ocrx_word' id='word_1_234' title='bbox 2307 1827 2494 1890; x_wconf 85' lang='lat' dir='ltr'><strong>quibus</strong></span> 
     </span>
     <span class='ocr_line' id='line_1_19' title="bbox 306 1910 2494 1976; baseline 0 -18"><span class='ocrx_word' id='word_1_235' title='bbox 306 1911 455 1959; x_wconf 91' lang='lat' dir='ltr'><strong>locus</strong></span> <span class='ocrx_word' id='word_1_236' title='bbox 475 1926 534 1959; x_wconf 90' lang='lat' dir='ltr'><strong>ac</strong></span> <span class='ocrx_word' id='word_1_237' title='bbox 554 1911 709 1959; x_wconf 89' lang='lat' dir='ltr'><strong>sedes</strong></span> <span class='ocrx_word' id='word_1_238' title='bbox 724 1919 986 1974; x_wconf 82' lang='lat' dir='ltr'><strong>parentur</strong></span> <span class='ocrx_word' id='word_1_239' title='bbox 1010 1911 1266 1976; x_wconf 88' lang='lat' dir='ltr'><strong>(possibly</strong></span> <span class='ocrx_word' id='word_1_240' title='bbox 1277 1912 1640 1972; x_wconf 81' lang='lat' dir='ltr'><strong>pararentur).</strong></span> <span class='ocrx_word' id='word_1_241' title='bbox 1669 1949 1678 1958; x_wconf 95' lang='lat'><strong>.</strong></span> <span class='ocrx_word' id='word_1_242' title='bbox 1706 1948 1716 1958; x_wconf 94' lang='lat'><strong>.</strong></span> <span class='ocrx_word' id='word_1_243' title='bbox 1745 1949 1755 1958; x_wconf 91' lang='lat'><strong>.</strong></span> <span class='ocrx_word' id='word_1_244' title='bbox 1818 1910 2002 1958; x_wconf 90' lang='lat' dir='ltr'><strong>Paucis</strong></span> <span class='ocrx_word' id='word_1_245' title='bbox 2027 1911 2174 1958; x_wconf 86' lang='lat' dir='ltr'><strong>annis</strong></span> <span class='ocrx_word' id='word_1_246' title='bbox 2200 1949 2210 1959; x_wconf 91' lang='lat'><strong>.</strong></span> <span class='ocrx_word' id='word_1_247' title='bbox 2239 1949 2249 1959; x_wconf 91' lang='lat'><strong>.</strong></span> <span class='ocrx_word' id='word_1_248' title='bbox 2277 1949 2286 1958; x_wconf 95' lang='lat'><strong>.</strong></span> <span class='ocrx_word' id='word_1_249' title='bbox 2314 1927 2494 1959; x_wconf 87' lang='lat' dir='ltr'><strong>omnes</strong></span> 
     </span>
     <span class='ocr_line' id='line_1_20' title="bbox 307 1994 2493 2060; baseline -0 -17"><span class='ocrx_word' id='word_1_250' title='bbox 307 2032 318 2042; x_wconf 91' lang='lat'><strong>.</strong></span> <span class='ocrx_word' id='word_1_251' title='bbox 353 2033 365 2043; x_wconf 88' lang='lat'><strong>.</strong></span> <span class='ocrx_word' id='word_1_252' title='bbox 400 2032 411 2042; x_wconf 92' lang='lat'><strong>.</strong></span> <span class='ocrx_word' id='word_1_253' title='bbox 438 1997 703 2057; x_wconf 79' lang='lat' dir='ltr'><strong>pellentur</strong></span> <span class='ocrx_word' id='word_1_254' title='bbox 726 2004 884 2060; x_wconf 90' lang='lat' dir='ltr'><strong>atque</strong></span> <span class='ocrx_word' id='word_1_255' title='bbox 913 2011 1096 2043; x_wconf 90' lang='lat' dir='ltr'><strong>omnes</strong></span> <span class='ocrx_word' id='word_1_256' title='bbox 1129 1995 1380 2043; x_wconf 87' lang='lat' dir='ltr'><strong>Germani</strong></span> <span class='ocrx_word' id='word_1_257' title='bbox 1408 1994 1653 2041; x_wconf 89' lang='lat' dir='ltr'><strong>Rhenum</strong></span> <span class='ocrx_word' id='word_1_258' title='bbox 1678 1995 1972 2041; x_wconf 79' lang='lat' dir='ltr'><strong>transibunt</strong></span> <span class='ocrx_word' id='word_1_259' title='bbox 1990 2010 2011 2051; x_wconf 90' lang='lat'><strong>‚·</strong></span> <span class='ocrx_word' id='word_1_260' title='bbox 2049 2032 2059 2042; x_wconf 90' lang='lat'><strong>.</strong></span> <span class='ocrx_word' id='word_1_261' title='bbox 2088 2032 2097 2041; x_wconf 95' lang='lat'><strong>.</strong></span> <span class='ocrx_word' id='word_1_262' title='bbox 2126 2033 2134 2041; x_wconf 94' lang='lat'><strong>.</strong></span> <span class='ocrx_word' id='word_1_263' title='bbox 2163 2010 2331 2057; x_wconf 90' lang='lat' dir='ltr'><strong>neque</strong></span> <span class='ocrx_word' id='word_1_264' title='bbox 2358 1995 2493 2042; x_wconf 90' lang='lat' dir='ltr'><strong>enim</strong></span> 
     </span>
     <span class='ocr_line' id='line_1_21' title="bbox 306 2079 2495 2142; baseline 0 -17"><span class='ocrx_word' id='word_1_265' title='bbox 306 2080 638 2142; x_wconf 51' lang='lat' dir='ltr'><strong>conferendus</strong></span> <span class='ocrx_word' id='word_1_266' title='bbox 660 2088 734 2128; x_wconf 86' lang='lat' dir='ltr'><strong>est</strong></span> <span class='ocrx_word' id='word_1_267' title='bbox 762 2081 993 2128; x_wconf 82' lang='lat' dir='ltr'><strong>Gallicus</strong></span> <span class='ocrx_word' id='word_1_268' title='bbox 1020 2094 1140 2127; x_wconf 91' lang='lat' dir='ltr'><strong>cum</strong></span> <span class='ocrx_word' id='word_1_269' title='bbox 1166 2079 1550 2127; x_wconf 82' lang='lat' dir='ltr'><strong>Germanorum</strong></span> <span class='ocrx_word' id='word_1_270' title='bbox 1575 2093 1714 2141; x_wconf 89' lang='lat' dir='ltr'><strong>agro,</strong></span> <span class='ocrx_word' id='word_1_271' title='bbox 1741 2093 1909 2140; x_wconf 87' lang='lat' dir='ltr'><strong>neque</strong></span> <span class='ocrx_word' id='word_1_272' title='bbox 1936 2079 2055 2125; x_wconf 74' lang='lat' dir='ltr'><strong>haec</strong></span> <span class='ocrx_word' id='word_1_273' title='bbox 2081 2080 2377 2126; x_wconf 82' lang='lat' dir='ltr'><strong>consuetudo</strong></span> <span class='ocrx_word' id='word_1_274' title='bbox 2400 2079 2495 2126; x_wconf 80' lang='lat' dir='ltr'><strong>vi&#39;c-</strong></span> 
     </span>
     <span class='ocr_line' id='line_1_22' title="bbox 306 2165 1029 2228; baseline -0.001 -15"><span class='ocrx_word' id='word_1_275' title='bbox 306 2171 392 2213; x_wconf 87' lang='lat' dir='ltr'><strong>tus</strong></span> <span class='ocrx_word' id='word_1_276' title='bbox 417 2180 536 2213; x_wconf 87' lang='lat' dir='ltr'><strong>cum</strong></span> <span class='ocrx_word' id='word_1_277' title='bbox 560 2165 647 2212; x_wconf 91' lang='lat' dir='ltr'><strong>illa</strong></span> <span class='ocrx_word' id='word_1_278' title='bbox 670 2167 1029 2228; x_wconf 80' lang='lat' dir='ltr'><strong>comparanda.</strong></span> 
     </span>
    </p>

    <p class='ocr_par' dir='ltr' id='par_1_7' title="bbox 305 2245 2498 2563">
     <span class='ocr_line' id='line_1_23' title="bbox 311 2245 2497 2311; baseline -0.001 -14"><span class='ocrx_word' id='word_1_279' title='bbox 311 2258 321 2267; x_wconf 87' lang='lat'><strong>‘</strong></span> <span class='ocrx_word' id='word_1_280' title='bbox 391 2251 683 2298; x_wconf 81' lang='lat' dir='ltr'><strong>Ariovistus</strong></span> <span class='ocrx_word' id='word_1_281' title='bbox 712 2288 722 2298; x_wconf 91' lang='lat'><strong>.</strong></span> <span class='ocrx_word' id='word_1_282' title='bbox 754 2288 765 2298; x_wconf 95' lang='lat'><strong>.</strong></span> <span class='ocrx_word' id='word_1_283' title='bbox 797 2288 808 2298; x_wconf 96' lang='lat'><strong>.</strong></span> <span class='ocrx_word' id='word_1_284' title='bbox 843 2257 899 2297; x_wconf 93' lang='lat' dir='ltr'><strong>ut</strong></span> <span class='ocrx_word' id='word_1_285' title='bbox 926 2249 1090 2297; x_wconf 89' lang='lat' dir='ltr'><strong>semel</strong></span> <span class='ocrx_word' id='word_1_286' title='bbox 1120 2287 1130 2297; x_wconf 91' lang='lat'><strong>.</strong></span> <span class='ocrx_word' id='word_1_287' title='bbox 1162 2286 1174 2298; x_wconf 93' lang='lat'><strong>.</strong></span> <span class='ocrx_word' id='word_1_288' title='bbox 1208 2286 1220 2297; x_wconf 84' lang='lat'><strong>.</strong></span> <span class='ocrx_word' id='word_1_289' title='bbox 1252 2248 1433 2311; x_wconf 89' lang='lat' dir='ltr'><strong>copias</strong></span> <span class='ocrx_word' id='word_1_290' title='bbox 1463 2285 1474 2295; x_wconf 91' lang='lat'><strong>.</strong></span> <span class='ocrx_word' id='word_1_291' title='bbox 1505 2285 1517 2295; x_wconf 95' lang='lat'><strong>.</strong></span> <span class='ocrx_word' id='word_1_292' title='bbox 1548 2285 1559 2296; x_wconf 89' lang='lat'><strong>.</strong></span> <span class='ocrx_word' id='word_1_293' title='bbox 1590 2249 1723 2303; x_wconf 82' lang='lat' dir='ltr'><strong>vicit,</strong></span> <span class='ocrx_word' id='word_1_294' title='bbox 1750 2245 1893 2309; x_wconf 90' lang='lat' dir='ltr'><strong>quod</strong></span> <span class='ocrx_word' id='word_1_295' title='bbox 1924 2246 2176 2308; x_wconf 89' lang='lat' dir='ltr'><strong>proelium</strong></span> <span class='ocrx_word' id='word_1_296' title='bbox 2201 2247 2397 2295; x_wconf 83' lang='lat' dir='ltr'><strong>factum</strong></span> <span class='ocrx_word' id='word_1_297' title='bbox 2425 2257 2497 2296; x_wconf 84' lang='lat' dir='ltr'><strong>est</strong></span> 
     </span>
     <span class='ocr_line' id='line_1_24' title="bbox 306 2330 2494 2397; baseline -0.002 -15"><span class='ocrx_word' id='word_1_298' title='bbox 306 2333 375 2382; x_wconf 91' lang='lat' dir='ltr'><strong>ad</strong></span> <span class='ocrx_word' id='word_1_299' title='bbox 406 2334 835 2397; x_wconf 87' lang='lat' dir='ltr'><strong>Magetobrigam,</strong></span> <span class='ocrx_word' id='word_1_300' title='bbox 870 2333 1095 2396; x_wconf 88' lang='lat' dir='ltr'><strong>superbe</strong></span> <span class='ocrx_word' id='word_1_301' title='bbox 1124 2371 1135 2382; x_wconf 93' lang='lat'><strong>.</strong></span> <span class='ocrx_word' id='word_1_302' title='bbox 1163 2370 1174 2381; x_wconf 90' lang='lat'><strong>.</strong></span> <span class='ocrx_word' id='word_1_303' title='bbox 1203 2371 1212 2381; x_wconf 89' lang='lat'><strong>.</strong></span> <span class='ocrx_word' id='word_1_304' title='bbox 1241 2335 1475 2394; x_wconf 80' lang='lat' dir='ltr'><strong>imperat,</strong></span> <span class='ocrx_word' id='word_1_305' title='bbox 1505 2330 1715 2378; x_wconf 82' lang='lat' dir='ltr'><strong>obsides</strong></span> <span class='ocrx_word' id='word_1_306' title='bbox 1741 2369 1750 2378; x_wconf 99' lang='lat'><strong>.</strong></span> <span class='ocrx_word' id='word_1_307' title='bbox 1779 2368 1788 2378; x_wconf 91' lang='lat'><strong>.</strong></span> <span class='ocrx_word' id='word_1_308' title='bbox 1817 2368 1826 2377; x_wconf 95' lang='lat'><strong>.</strong></span> <span class='ocrx_word' id='word_1_309' title='bbox 1849 2332 2020 2391; x_wconf 80' lang='lat' dir='ltr'><strong>poscit,</strong></span> <span class='ocrx_word' id='word_1_310' title='bbox 2048 2338 2098 2377; x_wconf 90' lang='lat' dir='ltr'><strong>et</strong></span> <span class='ocrx_word' id='word_1_311' title='bbox 2125 2368 2139 2386; x_wconf 83' lang='grc'><strong><em>,</em></strong></span> <span class='ocrx_word' id='word_1_312' title='bbox 2173 2369 2181 2377; x_wconf 92' lang='grc'><em>.</em></span> <span class='ocrx_word' id='word_1_313' title='bbox 2215 2369 2224 2377; x_wconf 93' lang='grc'><em>.</em></span> <span class='ocrx_word' id='word_1_314' title='bbox 2257 2332 2494 2394; x_wconf 86' lang='lat' dir='ltr'><strong>exempla</strong></span> 
     </span>
     <span class='ocr_line' id='line_1_25' title="bbox 305 2414 2498 2483; baseline -0.002 -16"><span class='ocrx_word' id='word_1_315' title='bbox 305 2419 669 2483; x_wconf 88' lang='lat' dir='ltr'><strong>cruciatusque</strong></span> <span class='ocrx_word' id='word_1_316' title='bbox 711 2420 825 2475; x_wconf 83' lang='lat' dir='ltr'><strong>edit,</strong></span> <span class='ocrx_word' id='word_1_317' title='bbox 868 2418 913 2466; x_wconf 90' lang='lat' dir='ltr'><strong>si</strong></span> <span class='ocrx_word' id='word_1_318' title='bbox 949 2433 1054 2481; x_wconf 90' lang='lat' dir='ltr'><strong>qua</strong></span> <span class='ocrx_word' id='word_1_319' title='bbox 1090 2433 1172 2464; x_wconf 90' lang='lat' dir='ltr'><strong>res</strong></span> <span class='ocrx_word' id='word_1_320' title='bbox 1208 2432 1314 2464; x_wconf 91' lang='lat' dir='ltr'><strong>non</strong></span> <span class='ocrx_word' id='word_1_321' title='bbox 1350 2415 1419 2463; x_wconf 91' lang='lat' dir='ltr'><strong>ad</strong></span> <span class='ocrx_word' id='word_1_322' title='bbox 1456 2422 1641 2463; x_wconf 89' lang='lat' dir='ltr'><strong>nutum</strong></span> <span class='ocrx_word' id='word_1_323' title='bbox 1667 2452 1677 2462; x_wconf 88' lang='lat'><strong>.</strong></span> <span class='ocrx_word' id='word_1_324' title='bbox 1704 2451 1714 2461; x_wconf 90' lang='lat'><strong>.</strong></span> <span class='ocrx_word' id='word_1_325' title='bbox 1742 2450 1752 2460; x_wconf 92' lang='lat'><strong>.</strong></span> <span class='ocrx_word' id='word_1_326' title='bbox 1779 2415 1890 2461; x_wconf 91' lang='lat' dir='ltr'><strong>eius</strong></span> <span class='ocrx_word' id='word_1_327' title='bbox 1925 2414 2066 2460; x_wconf 82' lang='lat' dir='ltr'><strong>facta</strong></span> <span class='ocrx_word' id='word_1_328' title='bbox 2099 2422 2179 2461; x_wconf 84' lang='lat' dir='ltr'><strong>est.</strong></span> <span class='ocrx_word' id='word_1_329' title='bbox 2229 2416 2392 2461; x_wconf 86' lang='lat' dir='ltr'><strong>Homo</strong></span> <span class='ocrx_word' id='word_1_330' title='bbox 2426 2423 2498 2463; x_wconf 87' lang='lat' dir='ltr'><strong>est</strong></span> 
     </span>
     <span class='ocr_line' id='line_1_26' title="bbox 306 2497 2491 2563; baseline -0.003 -11"><span class='ocrx_word' id='word_1_331' title='bbox 306 2506 568 2560; x_wconf 84' lang='lat' dir='ltr'><strong>barbarus,</strong></span> <span class='ocrx_word' id='word_1_332' title='bbox 589 2505 885 2560; x_wconf 85' lang='lat' dir='ltr'><strong>iracundus,</strong></span> <span class='ocrx_word' id='word_1_333' title='bbox 907 2505 1211 2551; x_wconf 79' lang='lat' dir='ltr'><strong>temerarius</strong></span> <span class='ocrx_word' id='word_1_334' title='bbox 1231 2518 1253 2559; x_wconf 91' lang='lat'><strong>,·</strong></span> <span class='ocrx_word' id='word_1_335' title='bbox 1291 2516 1397 2548; x_wconf 90' lang='lat' dir='ltr'><strong>non</strong></span> <span class='ocrx_word' id='word_1_336' title='bbox 1412 2506 1632 2563; x_wconf 85' lang='lat' dir='ltr'><strong>possunt</strong></span> <span class='ocrx_word' id='word_1_337' title='bbox 1655 2498 1765 2546; x_wconf 85' lang='lat' dir='ltr'><strong>eius</strong></span> <span class='ocrx_word' id='word_1_338' title='bbox 1787 2498 2000 2561; x_wconf 88' lang='lat' dir='ltr'><strong>imperia</strong></span> <span class='ocrx_word' id='word_1_339' title='bbox 2023 2497 2216 2544; x_wconf 87' lang='lat' dir='ltr'><strong>diutius</strong></span> <span class='ocrx_word' id='word_1_340' title='bbox 2236 2498 2491 2546; x_wconf 88' lang='lat' dir='ltr'><strong>sustineri.</strong></span> 
     </span>
    </p>

    <p class='ocr_par' dir='ltr' id='par_1_8' title="bbox 281 2581 2494 3072">
     <span class='ocr_line' id='line_1_27' title="bbox 394 2581 2492 2652; baseline -0.003 -17"><span class='ocrx_word' id='word_1_341' title='bbox 394 2588 510 2636; x_wconf 87' lang='lat' dir='ltr'><strong>Nisi</strong></span> <span class='ocrx_word' id='word_1_342' title='bbox 535 2588 660 2652; x_wconf 91' lang='lat' dir='ltr'><strong>quid</strong></span> <span class='ocrx_word' id='word_1_343' title='bbox 683 2589 735 2636; x_wconf 90' lang='lat' dir='ltr'><strong>in</strong></span> <span class='ocrx_word' id='word_1_344' title='bbox 763 2588 988 2636; x_wconf 89' lang='lat' dir='ltr'><strong>Caesare</strong></span> <span class='ocrx_word' id='word_1_345' title='bbox 1030 2625 1039 2636; x_wconf 95' lang='lat'><strong>.</strong></span> <span class='ocrx_word' id='word_1_346' title='bbox 1081 2625 1091 2636; x_wconf 93' lang='lat'><strong>.</strong></span> <span class='ocrx_word' id='word_1_347' title='bbox 1133 2623 1143 2633; x_wconf 91' lang='lat'><strong>.</strong></span> <span class='ocrx_word' id='word_1_348' title='bbox 1178 2588 1282 2634; x_wconf 80' lang='lat' dir='ltr'><strong>erit</strong></span> <span class='ocrx_word' id='word_1_349' title='bbox 1313 2584 1488 2640; x_wconf 88' lang='lat' dir='ltr'><strong>auxili,</strong></span> <span class='ocrx_word' id='word_1_350' title='bbox 1518 2582 1759 2630; x_wconf 89' lang='lat' dir='ltr'><strong>omnibus</strong></span> <span class='ocrx_word' id='word_1_351' title='bbox 1797 2618 1807 2628; x_wconf 91' lang='lat'><strong>.</strong></span> <span class='ocrx_word' id='word_1_352' title='bbox 1847 2618 1857 2628; x_wconf 91' lang='lat'><strong>.</strong></span> <span class='ocrx_word' id='word_1_353' title='bbox 1896 2617 1906 2628; x_wconf 89' lang='lat'><strong>.</strong></span> <span class='ocrx_word' id='word_1_354' title='bbox 1945 2581 2082 2628; x_wconf 92' lang='lat' dir='ltr'><strong>idem</strong></span> <span class='ocrx_word' id='word_1_355' title='bbox 2105 2589 2176 2628; x_wconf 81' lang='lat' dir='ltr'><strong>est</strong></span> <span class='ocrx_word' id='word_1_356' title='bbox 2197 2581 2492 2629; x_wconf 85' lang='lat' dir='ltr'><strong>faciendum</strong></span> 
     </span>
     <span class='ocr_line' id='line_1_28' title="bbox 306 2665 2491 2737; baseline -0.003 -17"><span class='ocrx_word' id='word_1_357' title='bbox 306 2671 451 2735; x_wconf 90' lang='lat' dir='ltr'><strong>quod</strong></span> <span class='ocrx_word' id='word_1_358' title='bbox 490 2672 722 2721; x_wconf 88' lang='lat' dir='ltr'><strong>Helvetii</strong></span> <span class='ocrx_word' id='word_1_359' title='bbox 741 2673 997 2737; x_wconf 72' lang='lat' dir='ltr'><strong>jecerunt,</strong></span> <span class='ocrx_word' id='word_1_360' title='bbox 1038 2679 1094 2719; x_wconf 91' lang='lat' dir='ltr'><strong>ut</strong></span> <span class='ocrx_word' id='word_1_361' title='bbox 1131 2670 1291 2718; x_wconf 92' lang='lat' dir='ltr'><strong>domo</strong></span> <span class='ocrx_word' id='word_1_362' title='bbox 1332 2669 1603 2732; x_wconf 89' lang='lat' dir='ltr'><strong>emigrent,</strong></span> <span class='ocrx_word' id='word_1_363' title='bbox 1637 2666 1778 2714; x_wconf 85' lang='lat' dir='ltr'><strong>aliud</strong></span> <span class='ocrx_word' id='word_1_364' title='bbox 1813 2665 2129 2713; x_wconf 88' lang='lat' dir='ltr'><strong>domicilium</strong></span> <span class='ocrx_word' id='word_1_365' title='bbox 2167 2701 2177 2711; x_wconf 90' lang='lat'><strong>.</strong></span> <span class='ocrx_word' id='word_1_366' title='bbox 2215 2701 2226 2712; x_wconf 87' lang='lat'><strong>.</strong></span> <span class='ocrx_word' id='word_1_367' title='bbox 2267 2703 2276 2713; x_wconf 88' lang='lat'><strong>.</strong></span> <span class='ocrx_word' id='word_1_368' title='bbox 2312 2674 2491 2728; x_wconf 89' lang='lat' dir='ltr'><strong>petant</strong></span> 
     </span>
     <span class='ocr_line' id='line_1_29' title="bbox 304 2749 2494 2821; baseline -0.004 -16"><span class='ocrx_word' id='word_1_369' title='bbox 304 2758 689 2821; x_wconf 85' lang='lat' dir='ltr'><strong>fortunamque,</strong></span> <span class='ocrx_word' id='word_1_370' title='bbox 728 2771 1090 2820; x_wconf 87' lang='lat' dir='ltr'><strong>quaecumque</strong></span> <span class='ocrx_word' id='word_1_371' title='bbox 1130 2754 1347 2810; x_wconf 85' lang='lat' dir='ltr'><strong>accidat,</strong></span> <span class='ocrx_word' id='word_1_372' title='bbox 1391 2752 1736 2815; x_wconf 86' lang='lat' dir='ltr'><strong>experiantur.</strong></span> <span class='ocrx_word' id='word_1_373' title='bbox 1812 2749 1959 2796; x_wconf 90' lang='lat' dir='ltr'><strong>Haec</strong></span> <span class='ocrx_word' id='word_1_374' title='bbox 1984 2749 2028 2796; x_wconf 90' lang='lat' dir='ltr'><strong>si</strong></span> <span class='ocrx_word' id='word_1_375' title='bbox 2053 2749 2320 2796; x_wconf 88' lang='lat' dir='ltr'><strong>enuntiata</strong></span> <span class='ocrx_word' id='word_1_376' title='bbox 2350 2750 2494 2797; x_wconf 87' lang='lat' dir='ltr'><strong>Ario·</strong></span> 
     </span>
     <span class='ocr_line' id='line_1_30' title="bbox 281 2832 2491 2904; baseline -0.005 -14"><span class='ocrx_word' id='word_1_377' title='bbox 281 2842 443 2904; x_wconf 20' lang='lat' dir='ltr'><strong>‘visto</strong></span> <span class='ocrx_word' id='word_1_378' title='bbox 468 2842 586 2897; x_wconf 89' lang='lat' dir='ltr'><strong>sint,</strong></span> <span class='ocrx_word' id='word_1_379' title='bbox 613 2856 718 2889; x_wconf 88' lang='lat' dir='ltr'><strong>non</strong></span> <span class='ocrx_word' id='word_1_380' title='bbox 744 2842 914 2888; x_wconf 84' lang='lat' dir='ltr'><strong>dubito</strong></span> <span class='ocrx_word' id='word_1_381' title='bbox 938 2840 1063 2903; x_wconf 90' lang='lat' dir='ltr'><strong>quin</strong></span> <span class='ocrx_word' id='word_1_382' title='bbox 1089 2839 1155 2887; x_wconf 92' lang='lat' dir='ltr'><strong>de</strong></span> <span class='ocrx_word' id='word_1_383' title='bbox 1184 2837 1429 2886; x_wconf 85' lang='lat' dir='ltr'><strong>omnibus</strong></span> <span class='ocrx_word' id='word_1_384' title='bbox 1467 2873 1478 2883; x_wconf 93' lang='lat'><strong>.</strong></span> <span class='ocrx_word' id='word_1_385' title='bbox 1517 2872 1528 2883; x_wconf 89' lang='lat'><strong>.</strong></span> <span class='ocrx_word' id='word_1_386' title='bbox 1569 2871 1580 2882; x_wconf 90' lang='lat'><strong>.</strong></span> <span class='ocrx_word' id='word_1_387' title='bbox 1618 2834 1706 2898; x_wconf 89' lang='lat' dir='ltr'><strong>qui</strong></span> <span class='ocrx_word' id='word_1_388' title='bbox 1741 2833 1880 2896; x_wconf 88' lang='lat' dir='ltr'><strong>apud</strong></span> <span class='ocrx_word' id='word_1_389' title='bbox 1906 2848 2024 2880; x_wconf 90' lang='lat' dir='ltr'><strong>eum</strong></span> <span class='ocrx_word' id='word_1_390' title='bbox 2048 2833 2150 2879; x_wconf 84' lang='lat' dir='ltr'><strong>sint</strong></span> <span class='ocrx_word' id='word_1_391' title='bbox 2185 2832 2342 2895; x_wconf 81' lang='lat' dir='ltr'><strong>(suut)</strong></span> <span class='ocrx_word' id='word_1_392' title='bbox 2381 2870 2390 2879; x_wconf 95' lang='lat'><strong>.</strong></span> <span class='ocrx_word' id='word_1_393' title='bbox 2431 2870 2441 2879; x_wconf 90' lang='lat'><strong>.</strong></span> <span class='ocrx_word' id='word_1_394' title='bbox 2481 2869 2491 2879; x_wconf 91' lang='lat'><strong>.</strong></span> 
     </span>
     <span class='ocr_line' id='line_1_31' title="bbox 304 2916 2492 2989; baseline -0.005 -15"><span class='ocrx_word' id='word_1_395' title='bbox 304 2926 617 2989; x_wconf 88' lang='lat' dir='ltr'><strong>supplicium</strong></span> <span class='ocrx_word' id='word_1_396' title='bbox 641 2933 826 2973; x_wconf 88' lang='lat' dir='ltr'><strong>sumat.</strong></span> <span class='ocrx_word' id='word_1_397' title='bbox 905 2926 1094 2973; x_wconf 83' lang='lat' dir='ltr'><strong>Caesar</strong></span> <span class='ocrx_word' id='word_1_398' title='bbox 1119 2959 1129 2969; x_wconf 91' lang='lat'><strong>.</strong></span> <span class='ocrx_word' id='word_1_399' title='bbox 1157 2959 1168 2970; x_wconf 91' lang='lat'><strong>.</strong></span> <span class='ocrx_word' id='word_1_400' title='bbox 1198 2959 1208 2970; x_wconf 89' lang='lat'><strong>.</strong></span> <span class='ocrx_word' id='word_1_401' title='bbox 1237 2922 1498 2970; x_wconf 88' lang='lat' dir='ltr'><strong>deterrere</strong></span> <span class='ocrx_word' id='word_1_402' title='bbox 1519 2926 1679 2981; x_wconf 84' lang='lat' dir='ltr'><strong>potest</strong></span> <span class='ocrx_word' id='word_1_403' title='bbox 1702 2933 1766 2965; x_wconf 89' lang='lat' dir='ltr'><strong>ne</strong></span> <span class='ocrx_word' id='word_1_404' title='bbox 1793 2916 1955 2964; x_wconf 89' lang='lat' dir='ltr'><strong>maior</strong></span> <span class='ocrx_word' id='word_1_405' title='bbox 1979 2916 2258 2964; x_wconf 91' lang='lat' dir='ltr'><strong>multitudo</strong></span> <span class='ocrx_word' id='word_1_406' title='bbox 2285 2953 2294 2963; x_wconf 88' lang='lat'><strong>.</strong></span> <span class='ocrx_word' id='word_1_407' title='bbox 2323 2953 2332 2963; x_wconf 94' lang='lat'><strong>.</strong></span> <span class='ocrx_word' id='word_1_408' title='bbox 2361 2955 2370 2964; x_wconf 94' lang='lat'><strong>.</strong></span> <span class='ocrx_word' id='word_1_409' title='bbox 2399 2923 2492 2963; x_wconf 88' lang='lat' dir='ltr'><strong>tra-</strong></span> 
     </span>
     <span class='ocr_line' id='line_1_32' title="bbox 304 3005 1508 3072; baseline -0.005 -14"><span class='ocrx_word' id='word_1_410' title='bbox 304 3010 527 3058; x_wconf 88' lang='lat' dir='ltr'><strong>ducatur</strong></span> <span class='ocrx_word' id='word_1_411' title='bbox 550 3009 879 3072; x_wconf 89' lang='lat' dir='ltr'><strong>Galliamque</strong></span> <span class='ocrx_word' id='word_1_412' title='bbox 910 3045 920 3055; x_wconf 91' lang='lat'><strong>.</strong></span> <span class='ocrx_word' id='word_1_413' title='bbox 949 3044 959 3055; x_wconf 93' lang='lat'><strong>.</strong></span> <span class='ocrx_word' id='word_1_414' title='bbox 989 3046 999 3056; x_wconf 91' lang='lat'><strong>.</strong></span> <span class='ocrx_word' id='word_1_415' title='bbox 1023 3015 1187 3069; x_wconf 80' lang='lat' dir='ltr'><strong>potest</strong></span> <span class='ocrx_word' id='word_1_416' title='bbox 1207 3005 1508 3054; x_wconf 85' lang='lat' dir='ltr'><strong>defendere.</strong></span> 
     </span>
    </p>

    <p class='ocr_par' dir='ltr' id='par_1_9' title="bbox 302 3083 2491 3241">
     <span class='ocr_line' id='line_1_33' title="bbox 388 3083 2491 3149; baseline -0.005 -8"><span class='ocrx_word' id='word_1_417' title='bbox 388 3095 544 3142; x_wconf 82' lang='lat'><strong>2713</strong></span> <span class='ocrx_word' id='word_1_418' title='bbox 591 3093 798 3146; x_wconf 80' lang='lat' dir='ltr'><strong>Galliae</strong></span> <span class='ocrx_word' id='word_1_419' title='bbox 834 3093 1035 3144; x_wconf 85' lang='lat' dir='ltr'><strong>totius:</strong></span> <span class='ocrx_word' id='word_1_420' title='bbox 1083 3099 1176 3139; x_wconf 90' lang='lat' dir='ltr'><strong>not</strong></span> <span class='ocrx_word' id='word_1_421' title='bbox 1217 3099 1273 3139; x_wconf 87' lang='lat' dir='ltr'><strong>to</strong></span> <span class='ocrx_word' id='word_1_422' title='bbox 1310 3090 1378 3138; x_wconf 94' lang='lat' dir='ltr'><strong>be</strong></span> <span class='ocrx_word' id='word_1_423' title='bbox 1425 3089 1582 3137; x_wconf 90' lang='lat' dir='ltr'><strong>taken</strong></span> <span class='ocrx_word' id='word_1_424' title='bbox 1622 3086 1854 3149; x_wconf 87' lang='lat' dir='ltr'><strong>literally,</strong></span> <span class='ocrx_word' id='word_1_425' title='bbox 1890 3083 1984 3132; x_wconf 88' lang='lat' dir='ltr'><strong>but</strong></span> <span class='ocrx_word' id='word_1_426' title='bbox 2025 3083 2271 3146; x_wconf 83' lang='lat' dir='ltr'><strong>referring</strong></span> <span class='ocrx_word' id='word_1_427' title='bbox 2310 3091 2362 3130; x_wconf 91' lang='lat' dir='ltr'><strong>to</strong></span> <span class='ocrx_word' id='word_1_428' title='bbox 2402 3083 2491 3131; x_wconf 90' lang='lat' dir='ltr'><strong>the</strong></span> 
     </span>
     <span class='ocr_line' id='line_1_34' title="bbox 302 3176 1150 3241; baseline -0.004 -15"><span class='ocrx_word' id='word_1_429' title='bbox 302 3185 510 3226; x_wconf 88' lang='lat' dir='ltr'><strong>eastern</strong></span> <span class='ocrx_word' id='word_1_430' title='bbox 544 3185 659 3241; x_wconf 89' lang='lat' dir='ltr'><strong>part</strong></span> <span class='ocrx_word' id='word_1_431' title='bbox 697 3177 755 3225; x_wconf 85' lang='lat' dir='ltr'><strong>of</strong></span> <span class='ocrx_word' id='word_1_432' title='bbox 791 3176 960 3224; x_wconf 88' lang='lat' dir='ltr'><strong>Celtic</strong></span> <span class='ocrx_word' id='word_1_433' title='bbox 998 3176 1150 3224; x_wconf 88' lang='lat' dir='ltr'><strong>Gaul.</strong></span> 
     </span>
    </p>

    <p class='ocr_par' dir='ltr' id='par_1_10' title="bbox 303 3250 2492 3494">
     <span class='ocr_line' id='line_1_35' title="bbox 389 3250 2492 3312; baseline -0.005 -2"><span class='ocrx_word' id='word_1_434' title='bbox 389 3263 467 3310; x_wconf 81' lang='lat'><strong>2¹7</strong></span> <span class='ocrx_word' id='word_1_435' title='bbox 499 3273 544 3310; x_wconf 82' lang='lat'><strong>14</strong></span> <span class='ocrx_word' id='word_1_436' title='bbox 590 3260 857 3312; x_wconf 80' lang='lat' dir='ltr'><strong>factiones</strong></span> <span class='ocrx_word' id='word_1_437' title='bbox 898 3261 1063 3311; x_wconf 85' lang='lat' dir='ltr'><strong>duas:</strong></span> <span class='ocrx_word' id='word_1_438' title='bbox 1099 3275 1189 3307; x_wconf 86' lang='lat' dir='ltr'><strong>see</strong></span> <span class='ocrx_word' id='word_1_439' title='bbox 1224 3267 1350 3307; x_wconf 89' lang='lat' dir='ltr'><strong>note</strong></span> <span class='ocrx_word' id='word_1_440' title='bbox 1388 3273 1457 3305; x_wconf 91' lang='lat' dir='ltr'><strong>on</strong></span> <span class='ocrx_word' id='word_1_441' title='bbox 1496 3257 1533 3305; x_wconf 89' lang='grc'><strong>3</strong></span> <span class='ocrx_word' id='word_1_442' title='bbox 1568 3266 1634 3304; x_wconf 76' lang='lat'><strong>20.</strong></span> <span class='ocrx_word' id='word_1_443' title='bbox 1656 3253 1992 3304; x_wconf 77' lang='lat' dir='ltr'><strong>—alteriusz</strong></span> <span class='ocrx_word' id='word_1_444' title='bbox 2030 3251 2201 3298; x_wconf 89' lang='lat' dir='ltr'><strong>notice</strong></span> <span class='ocrx_word' id='word_1_445' title='bbox 2241 3251 2350 3298; x_wconf 89' lang='lat' dir='ltr'><strong>that</strong></span> <span class='ocrx_word' id='word_1_446' title='bbox 2387 3250 2492 3299; x_wconf 89' lang='lat' dir='ltr'><strong>this</strong></span> 
     </span>
     <span class='ocr_line' id='line_1_36' title="bbox 303 3336 2490 3411; baseline -0.006 -17"><span class='ocrx_word' id='word_1_447' title='bbox 303 3345 447 3394; x_wconf 91' lang='lat' dir='ltr'><strong>word</strong></span> <span class='ocrx_word' id='word_1_448' title='bbox 470 3362 588 3411; x_wconf 91' lang='lat' dir='ltr'><strong>may</strong></span> <span class='ocrx_word' id='word_1_449' title='bbox 611 3361 764 3394; x_wconf 90' lang='lat' dir='ltr'><strong>mean</strong></span> <span class='ocrx_word' id='word_1_450' title='bbox 789 3345 872 3393; x_wconf 76' lang='lat' dir='ltr'><strong>the</strong></span> <span class='ocrx_word' id='word_1_451' title='bbox 894 3360 985 3392; x_wconf 88' lang='lat' dir='ltr'><strong>one</strong></span> <span class='ocrx_word' id='word_1_452' title='bbox 1008 3359 1065 3391; x_wconf 88' lang='lat' dir='ltr'><strong>as</strong></span> <span class='ocrx_word' id='word_1_453' title='bbox 1089 3343 1205 3392; x_wconf 88' lang='lat' dir='ltr'><strong>well</strong></span> <span class='ocrx_word' id='word_1_454' title='bbox 1230 3359 1287 3390; x_wconf 90' lang='lat' dir='ltr'><strong>as</strong></span> <span class='ocrx_word' id='word_1_455' title='bbox 1313 3343 1395 3390; x_wconf 78' lang='lat' dir='ltr'><strong>tlte</strong></span> <span class='ocrx_word' id='word_1_456' title='bbox 1419 3342 1572 3388; x_wconf 81' lang='lat' dir='ltr'><strong>otleer.</strong></span> <span class='ocrx_word' id='word_1_457' title='bbox 1647 3340 1696 3386; x_wconf 90' lang='lat' dir='ltr'><strong>It</strong></span> <span class='ocrx_word' id='word_1_458' title='bbox 1723 3336 1957 3400; x_wconf 90' lang='lat' dir='ltr'><strong>depends</strong></span> <span class='ocrx_word' id='word_1_459' title='bbox 1984 3351 2052 3383; x_wconf 89' lang='lat' dir='ltr'><strong>on</strong></span> <span class='ocrx_word' id='word_1_460' title='bbox 2072 3336 2237 3383; x_wconf 90' lang='lat' dir='ltr'><strong>which</strong></span> <span class='ocrx_word' id='word_1_461' title='bbox 2265 3350 2364 3382; x_wconf 91' lang='lat' dir='ltr'><strong>one</strong></span> <span class='ocrx_word' id='word_1_462' title='bbox 2390 3350 2490 3399; x_wconf 90' lang='lat' dir='ltr'><strong>you</strong></span> 
     </span>
     <span class='ocr_line' id='line_1_37' title="bbox 304 3427 1416 3494; baseline -0.004 -17"><span class='ocrx_word' id='word_1_463' title='bbox 304 3430 428 3478; x_wconf 89' lang='lat' dir='ltr'><strong>look</strong></span> <span class='ocrx_word' id='word_1_464' title='bbox 456 3438 507 3478; x_wconf 91' lang='lat' dir='ltr'><strong>at</strong></span> <span class='ocrx_word' id='word_1_465' title='bbox 532 3429 1142 3494; x_wconf 85' lang='lat' dir='ltr'><strong>first.——principatum‚</strong></span> <span class='ocrx_word' id='word_1_466' title='bbox 1167 3427 1416 3483; x_wconf 73' lang='lat' dir='ltr'><strong>thestead.</strong></span> 
     </span>
    </p>

    <p class='ocr_par' dir='ltr' id='par_1_11' title="bbox 389 3502 2492 3567">
     <span class='ocr_line' id='line_1_38' title="bbox 389 3502 2492 3567; baseline -0.006 -5"><span class='ocrx_word' id='word_1_467' title='bbox 389 3515 544 3562; x_wconf 86' lang='lat'>2715</span> <span class='ocrx_word' id='word_1_468' title='bbox 589 3515 886 3566; x_wconf 86' lang='lat' dir='ltr'><strong>Arvernos:</strong></span> <span class='ocrx_word' id='word_1_469' title='bbox 924 3513 1075 3560; x_wconf 90' lang='lat' dir='ltr'><strong>these</strong></span> <span class='ocrx_word' id='word_1_470' title='bbox 1111 3509 1383 3559; x_wconf 88' lang='lat' dir='ltr'><strong>inhabited</strong></span> <span class='ocrx_word' id='word_1_471' title='bbox 1421 3508 1509 3556; x_wconf 91' lang='lat' dir='ltr'><strong>the</strong></span> <span class='ocrx_word' id='word_1_472' title='bbox 1547 3505 1921 3554; x_wconf 88' lang='lat' dir='ltr'><strong>mountainous</strong></span> <span class='ocrx_word' id='word_1_473' title='bbox 1960 3511 2178 3567; x_wconf 89' lang='lat' dir='ltr'><strong>country</strong></span> <span class='ocrx_word' id='word_1_474' title='bbox 2203 3502 2492 3551; x_wconf 88' lang='lat' dir='ltr'><strong>southwest</strong></span> 
     </span>
    </p>
   </div>
   <div class='ocr_carea' id='block_1_3' title="bbox 305 3586 2492 3741">
    <p class='ocr_par' dir='ltr' id='par_1_12' title="bbox 305 3586 2492 3741">
     <span class='ocr_line' id='line_1_39' title="bbox 305 3586 2491 3656; baseline -0.006 -9"><span class='ocrx_word' id='word_1_475' title='bbox 305 3598 364 3645; x_wconf 84' lang='lat' dir='ltr'><strong>of</strong></span> <span class='ocrx_word' id='word_1_476' title='bbox 386 3599 476 3646; x_wconf 90' lang='lat' dir='ltr'><strong>the</strong></span> <span class='ocrx_word' id='word_1_477' title='bbox 504 3597 716 3655; x_wconf 84' lang='lat' dir='ltr'><strong>Haedui,</strong></span> <span class='ocrx_word' id='word_1_478' title='bbox 742 3600 832 3646; x_wconf 90' lang='lat' dir='ltr'><strong>the</strong></span> <span class='ocrx_word' id='word_1_479' title='bbox 863 3596 1081 3645; x_wconf 89' lang='lat' dir='ltr'><strong>modern</strong></span> <span class='ocrx_word' id='word_1_480' title='bbox 1115 3596 1409 3656; x_wconf 88' lang='lat' dir='ltr'><strong>Auvergne.</strong></span> <span class='ocrx_word' id='word_1_481' title='bbox 1483 3592 1631 3655; x_wconf 91' lang='lat' dir='ltr'><strong>They</strong></span> <span class='ocrx_word' id='word_1_482' title='bbox 1657 3589 1762 3637; x_wconf 91' lang='lat' dir='ltr'><strong>had</strong></span> <span class='ocrx_word' id='word_1_483' title='bbox 1795 3588 1931 3636; x_wconf 91' lang='lat' dir='ltr'><strong>been</strong></span> <span class='ocrx_word' id='word_1_484' title='bbox 1969 3586 2270 3650; x_wconf 90' lang='lat' dir='ltr'><strong>conquered</strong></span> <span class='ocrx_word' id='word_1_485' title='bbox 2305 3587 2357 3633; x_wconf 93' lang='lat' dir='ltr'><strong>in</strong></span> <span class='ocrx_word' id='word_1_486' title='bbox 2394 3598 2491 3634; x_wconf 66' lang='lat' dir='ltr'><strong>Rc.</strong></span> 
     </span>
     <span class='ocr_line' id='line_1_40' title="bbox 311 3669 2492 3741; baseline -0.006 -12"><span class='ocrx_word' id='word_1_487' title='bbox 311 3696 418 3739; x_wconf 83' lang='lat'><strong>121,</strong></span> <span class='ocrx_word' id='word_1_488' title='bbox 442 3681 536 3731; x_wconf 89' lang='lat' dir='ltr'><strong>but</strong></span> <span class='ocrx_word' id='word_1_489' title='bbox 560 3689 654 3730; x_wconf 90' lang='lat' dir='ltr'><strong>not</strong></span> <span class='ocrx_word' id='word_1_490' title='bbox 680 3681 910 3729; x_wconf 88' lang='lat' dir='ltr'><strong>reduced</strong></span> <span class='ocrx_word' id='word_1_491' title='bbox 934 3689 990 3727; x_wconf 92' lang='lat' dir='ltr'><strong>to</strong></span> <span class='ocrx_word' id='word_1_492' title='bbox 1018 3695 1048 3727; x_wconf 91' lang='lat' dir='ltr'><strong>a</strong></span> <span class='ocrx_word' id='word_1_493' title='bbox 1071 3678 1334 3741; x_wconf 88' lang='lat' dir='ltr'><strong>province.</strong></span> <span class='ocrx_word' id='word_1_494' title='bbox 1409 3676 1599 3723; x_wconf 86' lang='lat' dir='ltr'><strong>Before</strong></span> <span class='ocrx_word' id='word_1_495' title='bbox 1627 3673 1762 3721; x_wconf 90' lang='lat' dir='ltr'><strong>their</strong></span> <span class='ocrx_word' id='word_1_496' title='bbox 1786 3678 2044 3734; x_wconf 89' lang='lat' dir='ltr'><strong>conquest</strong></span> <span class='ocrx_word' id='word_1_497' title='bbox 2080 3671 2203 3735; x_wconf 89' lang='lat' dir='ltr'><strong>they</strong></span> <span class='ocrx_word' id='word_1_498' title='bbox 2229 3669 2333 3717; x_wconf 91' lang='lat' dir='ltr'><strong>had</strong></span> <span class='ocrx_word' id='word_1_499' title='bbox 2358 3669 2492 3717; x_wconf 90' lang='lat' dir='ltr'><strong>been</strong></span> 
     </span>
    </p>
   </div>
   <div class='ocr_carea' id='block_1_4' title="bbox 302 3752 2494 3908">
    <p class='ocr_par' dir='ltr' id='par_1_13' title="bbox 302 3752 2494 3908">
     <span class='ocr_line' id='line_1_41' title="bbox 305 3752 2494 3828; baseline -0.007 -13"><span class='ocrx_word' id='word_1_500' title='bbox 305 3782 406 3814; x_wconf 92' lang='lat' dir='ltr'><strong>one</strong></span> <span class='ocrx_word' id='word_1_501' title='bbox 432 3766 489 3813; x_wconf 85' lang='lat' dir='ltr'><strong>of</strong></span> <span class='ocrx_word' id='word_1_502' title='bbox 513 3767 602 3814; x_wconf 90' lang='lat' dir='ltr'><strong>the</strong></span> <span class='ocrx_word' id='word_1_503' title='bbox 624 3773 763 3813; x_wconf 89' lang='lat' dir='ltr'><strong>most</strong></span> <span class='ocrx_word' id='word_1_504' title='bbox 781 3763 1037 3828; x_wconf 86' lang='lat' dir='ltr'><strong>powerful</strong></span> <span class='ocrx_word' id='word_1_505' title='bbox 1063 3762 1238 3810; x_wconf 84' lang='lat' dir='ltr'><strong>tribes.</strong></span> <span class='ocrx_word' id='word_1_506' title='bbox 1290 3758 1616 3821; x_wconf 89' lang='lat' dir='ltr'><strong>Apparently</strong></span> <span class='ocrx_word' id='word_1_507' title='bbox 1636 3757 1686 3803; x_wconf 91' lang='lat' dir='ltr'><strong>in</strong></span> <span class='ocrx_word' id='word_1_508' title='bbox 1714 3756 1802 3803; x_wconf 91' lang='lat' dir='ltr'><strong>the</strong></span> <span class='ocrx_word' id='word_1_509' title='bbox 1825 3754 2006 3802; x_wconf 85' lang='lat' dir='ltr'><strong>earlier</strong></span> <span class='ocrx_word' id='word_1_510' title='bbox 2024 3769 2154 3802; x_wconf 88' lang='lat' dir='ltr'><strong>wars</strong></span> <span class='ocrx_word' id='word_1_511' title='bbox 2181 3754 2269 3800; x_wconf 90' lang='lat' dir='ltr'><strong>the</strong></span> <span class='ocrx_word' id='word_1_512' title='bbox 2299 3752 2494 3800; x_wconf 84' lang='lat' dir='ltr'><strong>Haedui</strong></span> 
     </span>
     <span class='ocr_line' id='line_1_42' title="bbox 302 3836 2270 3908; baseline -0.008 -9"><span class='ocrx_word' id='word_1_513' title='bbox 302 3849 409 3898; x_wconf 87' lang='lat' dir='ltr'><strong>had</strong></span> <span class='ocrx_word' id='word_1_514' title='bbox 431 3849 740 3898; x_wconf 87' lang='lat' dir='ltr'><strong>befriended</strong></span> <span class='ocrx_word' id='word_1_515' title='bbox 765 3849 853 3896; x_wconf 87' lang='lat' dir='ltr'><strong>the</strong></span> <span class='ocrx_word' id='word_1_516' title='bbox 882 3849 1087 3895; x_wconf 90' lang='lat' dir='ltr'><strong>Roman</strong></span> <span class='ocrx_word' id='word_1_517' title='bbox 1114 3844 1305 3908; x_wconf 88' lang='lat' dir='ltr'><strong>people</strong></span> <span class='ocrx_word' id='word_1_518' title='bbox 1330 3843 1467 3889; x_wconf 84' lang='lat' dir='ltr'><strong>from</strong></span> <span class='ocrx_word' id='word_1_519' title='bbox 1493 3839 1822 3903; x_wconf 88' lang='lat' dir='ltr'><strong>antagonism</strong></span> <span class='ocrx_word' id='word_1_520' title='bbox 1847 3845 1902 3885; x_wconf 94' lang='lat' dir='ltr'><strong>to</strong></span> <span class='ocrx_word' id='word_1_521' title='bbox 1929 3837 2077 3884; x_wconf 87' lang='lat' dir='ltr'><strong>these</strong></span> <span class='ocrx_word' id='word_1_522' title='bbox 2104 3836 2270 3884; x_wconf 89' lang='lat' dir='ltr'><strong>rivals.</strong></span> 
     </span>
    </p>
   </div>
  </div>
 </body>
</html>
