2819 4297
429 307 467 354 2
481 310 507 356 1
521 294 559 355 8
1173 295 1236 357 T
1225 296 1307 357 lze
1358 295 1581 358 Gallie
1624 295 1790 359 War.
2294 305 2536 371 [Casan

429 493 666 546 cuntur.
753 487 973 546 Vacua
1015 495 1220 545 castra
1262 485 1530 546 hostium
1578 489 1809 546 Caesar
1866 484 2283 562 conspicetuS,
2343 495 2534 546 tectis

430 584 778 661 insignibus
823 593 1072 644 suorum
1125 586 1577 663 occultatisque
1628 594 1823 663 signis
1875 585 2258 658 militaribuS,
2312 593 2488 645 raros
2511 584 2536 619 ¹

431 684 655 743 milites
717 685 823 763 (ne
888 704 966 744 ex
1035 685 1268 762 oppido
1341 685 2001 760 animadverterentur)
2058 704 2135 744 ex
2189 685 2534 746 maioribus

431 792 649 842 castris
679 784 741 842 in
782 785 1020 844 minora
1065 785 1350 858 traducit,
1385 786 1731 863 legatisque
1776 793 1936 862 quos
1980 785 2238 863 singulis
2280 785 2535 862 legioni-

368 899 395 952 5
431 884 549 942 bus
579 884 962 960 praefecerat
993 883 1143 960 quid
1172 884 1306 943 fieri
1336 884 1486 943 velit
1523 885 1796 945 ostendit
1821 908 1833 944 z
1880 884 1945 943 in
1975 893 2188 961 primis
2219 894 2430 945 monet
2460 897 2534 946 ut

432 983 791 1043 contineant
847 983 1073 1043 milites
1132 992 1211 1044 ne
1270 985 1479 1044 studio
1535 985 1855 1062 pugnandi
1926 995 2033 1044 aut
2089 992 2200 1062 spe
2258 985 2532 1063 praedae

433 1083 675 1161 longius
703 1085 1203 1162 progrediantur3
1251 1085 1402 1161 quid
1436 1085 1729 1161 iniquitas
1759 1085 1879 1144 loci
1904 1086 2133 1144 habeat
2154 1085 2531 1146 incommodi

432 1184 755 1261 proponit3
799 1185 921 1245 hoc
961 1194 1083 1244 onai
1129 1185 1445 1245 celeritate
1481 1203 1664 1261 posse
1706 1183 1959 1258 vitar123
2009 1185 2357 1245 occasionis
2387 1204 2530 1245 esse

433 1303 577 1358 rem,
629 1292 753 1343 non
799 1286 1012 1362 proeli.
1105 1287 1226 1344 His
1274 1285 1461 1344 rebus
1520 1285 1821 1362 expositis
1869 1294 2110 1363 signum
2161 1286 2269 1344 dat
2324 1295 2388 1345 et
2446 1287 2530 1345 ab

342 1402 396 1437 ιο
434 1370 692 1444 dextra⁸
719 1395 891 1462 parte
923 1384 1046 1445 alio
1079 1393 1345 1445 ascenso
1388 1385 1611 1444 eodem
1656 1394 1930 1463 tempore
1979 1386 2282 1445 Haeduos
2327 1385 2530 1446 mittit.
2577 1429 2584 1436 -

614 1566 692 1608 He
719 1567 892 1608 Makes
921 1579 952 1609 a
980 1567 1180 1610 Sudden
1208 1568 1390 1609 Attack
1418 1569 1516 1611 and
1544 1568 1784 1620 captui-es
1810 1568 1897 1610 the
1925 1568 2159 1618 Enemy's
2187 1567 2358 1620 camp.

517 1693 612 1743 46.
674 1686 892 1744 Morus
937 1686 1149 1762 oppidi
1192 1695 1230 1746 ἐὶ
1261 1686 1520 1763 planitie
1567 1697 1753 1763 atque
1801 1687 1977 1746 initio
2022 1693 2315 1746 ascensos
2361 1694 2529 1747 recte

435 1786 702 1862 regione,
736 1793 789 1844 si
820 1786 1022 1844 nollus
1052 1786 1370 1846 §.nfra-ictus
1402 1788 1832 1860 intercederet,
1864 1804 1993 1846 Mcc
2024 1796 2247 1864 passus
2276 1788 2524 1859 aberat3

436 1884 729 1960 quicquid
757 1884 879 1944 hoc
908 1885 1199 1945 circuitos
1237 1887 1317 1945 ad
1355 1886 1757 1946 molliendum
1804 1887 2028 1946 clivum
2066 1896 2428 1959 accesserat,
2462 1886 2528 1946 id

436 1984 699 2061 spatium
731 1984 968 2044 itineris
1000 1982 1310 2063 augebat.⁴
1425 1977 1483 2046 Ᾰ
1526 1987 1732 2045 medio
1763 1988 1891 2046 iere
1923 1987 2079 2046 colle
2110 1987 2175 2045 in
2205 1987 2528 2065 longitudi-

342 2101 396 2155 15
435 2103 592 2158 nem,
619 2093 688 2143 ut
717 2094 934 2145 natura
964 2086 1192 2145 montis
1222 2087 1481 2161 ferebat,
1518 2106 1593 2145 ex
1621 2087 1959 2164 grandibus
1979 2084 2002 2118 ⁶
2023 2095 2188 2146 saxis
2213 2104 2275 2145 vr
2301 2086 2529 2164 pedum

435 2196 670 2245 murum
713 2196 819 2263 qui
858 2194 1204 2247 nostrorum
1243 2186 1539 2265 impetum
1581 2188 1849 2247 tarderet
1886 2189 2338 2264 praeduxerant
2366 2189 2532 2248 Galli

435 2296 638 2362 atque,
665 2287 953 2348 inferiore
982 2297 1152 2347 omni
1182 2288 1383 2365 spatio
1408 2295 1606 2347 vacuo
1629 2288 1860 2360 relicto,
1890 2289 2267 2364 superiorem
2292 2298 2530 2363 partem

435 2387 609 2446 collis
641 2397 836 2463 osque
868 2388 947 2446 ad
976 2398 1213 2448 morum
1245 2388 1461 2466 oppidi
1491 2384 1919 2447 densissimis⁶
1946 2397 2166 2447 castris
2191 2389 2532 2465 compleve-

436 2496 588 2546 rant.
682 2487 917 2547 Milites
962 2488 1110 2548 dato
1150 2495 1330 2565 signo
1368 2488 1652 2547 celeriter
1693 2489 1772 2548 ad
1812 2488 2216 2547 monitionem
2254 2488 2532 2564 perveni-

339 2602 399 2636 20
436 2596 546 2645 unt
590 2606 852 2664 eamque
895 2596 1265 2666 transgressi
1308 2597 1485 2648 trinis
1531 2597 1751 2648 castris
1795 2588 2126 2664 potiuntur.
2215 2590 2309 2647 Ac
2360 2597 2530 2647 tanta

435 2687 553 2747 fuit
582 2687 644 2746 in
676 2696 894 2748 castris
926 2684 1284 2766 capiendis⁷
1314 2688 1598 2748 celeritas
1640 2697 1709 2747 ut
1745 2689 2168 2761 Teutomatus,
2201 2695 2305 2746 rex
2338 2690 2395 2746 N
2401 2687 2532 2746 itio-

436 2788 694 2866 brigum,
740 2788 949 2848 subito
996 2788 1056 2847 in
1108 2788 1508 2849 tabernaculo
1560 2784 1939 2865 oppressuS,⁸
1982 2796 2048 2846 ut
2091 2788 2345 2846 meridie
2389 2805 2533 2846 con-

437 2888 771 2964 quieverat,
807 2890 1121 2967 superiore
1153 2898 1330 2967 parte
1361 2888 1636 2966 corporis
1668 2888 1848 2960 noda,
1883 2887 2204 2947 volnerito
2234 2894 2398 2964 equo
2429 2887 2529 2945 vix

437 2996 503 3047 se
522 2985 545 3021 ⁹
573 3008 649 3049 ex
680 2989 964 3049 manibus
996 2988 1429 3067 praedantium
1460 2988 1720 3046 militum
1751 2981 2055 3063 eriperet?

860 3171 965 3213 The
991 3171 1177 3223 Troops
1205 3182 1287 3212 are
1315 3170 1476 3223 Eager
1501 3175 1554 3211 to
1582 3169 1785 3211 Assnult
1812 3170 1898 3211 the
1924 3170 2100 3211 Town.

338 3309 398 3362 25
516 3298 612 3347 4⁷.
675 3291 1065 3350 Consecutus
1096 3290 1159 3348 id
1191 3289 1357 3366 quod
1388 3288 1595 3349 animo
1625 3297 2033 3365 proposuerat
2064 3291 2298 3348 Caesar
2328 3308 2530 3366 recep-

434 3399 524 3449 tui
574 3398 715 3450 cani
768 3389 962 3463 iussit,
1011 3389 1397 3468 legionisque
1459 3407 1521 3463 x,
1584 3398 1849 3465 quacum
1900 3398 2047 3462 erat,
2110 3389 2526 3462 contionatuS,

436 3499 611 3569 signa
643 3490 980 3550 constituit.
1069 3493 1154 3549 At
1177 3490 1549 3565 reliquarum
1572 3490 1885 3566 legionum
1913 3490 2135 3548 milites
2160 3496 2285 3549 non
2317 3490 2530 3550 audito

520 3639 604 3689 Cf.
629 3638 650 3673 ¹
674 3655 798 3704 opp.
832 3640 1047 3704 denaba,
1074 3637 1361 3691 confertos.
1379 3668 1448 3676 —
1464 3638 1488 3672 ²
1510 3639 1713 3691 sineri.
1734 3668 1802 3676 —
1818 3638 1841 3672 ⁸
1864 3654 1984 3703 opp.
2009 3639 2254 3690 sinistri.
2275 3636 2382 3675 —4
2406 3653 2529 3704 opp.

435 3723 734 3775 minuebat.
751 3721 852 3760 —5
875 3722 1205 3786 ingentibus.
1221 3722 1324 3759 —⁶
1349 3738 1470 3787 opp.
1496 3722 1813 3774 rarissimis.
1831 3721 1931 3759 —-⁷
1955 3722 2299 3786 occupandis.
2321 3719 2421 3757 —8
2442 3723 2528 3774 de-

435 3808 751 3877 prehensus.
766 3804 870 3843 —2
892 3806 1165 3871 effugeret.
