2819 4297
492 253 614 331 176
1204 253 1266 315 T
1256 254 1336 315 lte
1389 253 1606 316 Gallie
1657 256 1824 348 War.
2332 268 2569 335 [CAESAR

480 443 779 521 profugit3
825 452 932 520 qui
961 444 1222 521 proximi
1252 430 1509 505 'Oceano
1540 445 1791 504 fuerunt
1825 446 1891 504 hi
1922 447 2140 508 insulis
2184 455 2323 507 sese
2368 448 2566 507 occul-

477 539 789 602 taverunt¹
834 553 989 619 quas
1040 553 1249 604 aestus
1301 545 1542 605 efficere
1596 552 2017 619 consuerunt;
2079 548 2256 606 multi
2307 567 2383 606 ex
2434 557 2567 607 suis

475 643 710 702 finibus
755 649 989 720 egressi
1034 651 1101 703 se
1146 664 1381 721 suaque
1428 644 1635 704 omnia
1680 645 2076 707 alienissimis
2128 644 2568 707 crediderunt.²

479 742 871 818 Catuvolcus,
926 751 1033 803 rex
1078 745 1369 803 dimidiae
1419 745 1612 823 partis
1667 746 2040 820 Eburonum,
2093 756 2200 824 qui
2250 756 2374 806 una
2425 767 2564 807 cum

413 862 440 915 5
476 843 833 922 Ambiorige
893 845 1217 904 consilium
1279 841 1546 919 inierat,⁸
1595 854 1796 906 aetate
1856 845 1976 904 iam
2029 847 2370 919 confectuS,
2425 868 2565 908 cum

405 1019 410 1023 ι
476 943 746 1003 laborem
787 944 936 1004 belli
981 954 1087 1004 aut
1115 945 1295 1022 fugae
1325 946 1487 1004 ferre
1519 952 1645 1005 non
1676 956 1907 1023 posset,
1942 947 2231 1005 omnibus
2275 948 2565 1023 precibus

475 1044 820 1104 detestatus
852 1044 1290 1122 Ambiorigem,
1326 1055 1433 1121 qui
1473 1045 1605 1104 eius
1645 1046 1866 1106 consili
1907 1057 2121 1106 auctor
2147 1046 2386 1121 suisset,
2421 1056 2567 1109 taxo

479 1142 681 1223 (cuius
725 1153 947 1223 magna
988 1145 1054 1203 in
1097 1143 1303 1204 Gallia
1333 1145 1786 1222 Germaniaque
1831 1146 2013 1223 copia
2056 1147 2180 1229 est)
2210 1143 2318 1206 ⁴se
2362 1149 2567 1208 exani-

475 1244 680 1306 mavit.

549 1426 714 1469 Caesar
742 1428 983 1470 proceeds
1011 1433 1065 1470 to
1093 1428 1354 1470 Aduatuca
1380 1430 1479 1470 and
1508 1429 1629 1471 Puta
1656 1428 1714 1481 Q.
1745 1429 1914 1471 Cicero
1942 1430 1993 1470 in
2020 1429 2294 1472 command
2319 1430 2477 1472 there.

378 1563 437 1599 10
553 1554 651 1604 32.
712 1547 899 1625 Segni
932 1548 1382 1624 Condrusique,
1416 1567 1491 1607 ex
1518 1559 1702 1626 gente
1727 1560 1788 1608 et
1813 1556 2068 1609 numero
2092 1550 2559 1622 Germanorum,

471 1655 579 1724 qui
623 1657 766 1707 sunt
810 1647 971 1707 inter
1017 1649 1342 1708 Eburones
1371 1649 1814 1725 Treverosque,
1847 1650 2085 1727 legatos
2116 1649 2196 1708 ad
2229 1650 2563 1709 Caesarem

472 1753 770 1807 miserunt
817 1746 1097 1808 oratum⁵
1140 1756 1155 1782 ‘
1179 1755 1254 1806 ne
1303 1754 1369 1807 se
1408 1748 1471 1806 in
1517 1749 1784 1807 hostium
1824 1757 2081 1810 numero
2117 1750 2369 1809 duceret
2406 1756 2562 1809 neve

471 1847 743 1906 omnium
775 1849 1225 1909 Germanorum
1255 1857 1360 1925 qui
1392 1859 1605 1908 essent
1646 1849 1799 1908 citra
1845 1850 2131 1908 Rhenum
2167 1846 2392 1908 unam⁶
2420 1869 2563 1910 esse

470 1966 721 2007 causam
762 1949 1096 2022 iudicaret3
1137 1949 1289 2007 nihil
1321 1956 1388 2008 se
1423 1951 1501 2009 de
1532 1950 1695 2009 bello
1736 1949 2122 2027 cogitavisse,
2155 1949 2322 2008 nulla
2354 1951 2562 2010 Ambi-

378 2063 434 2117 15
470 2057 624 2127 origi
657 2048 883 2108 auxilia
913 2049 1194 2109 misisse.’
1285 2051 1517 2110 Caesar
1546 2047 1901 2125 explorata⁷
1931 2057 1997 2109 re
2028 2050 2391 2127 quaestione
2424 2069 2562 2128 cap-

470 2158 750 2225 tivorum,
784 2160 839 2211 si
870 2160 976 2229 qui
1007 2152 1088 2211 ad
1118 2158 1227 2211 eos
1260 2152 1584 2211 Eburones
1614 2170 1692 2209 ex
1719 2152 1867 2227 fuga
1896 2150 2352 2223 convenissent,
2373 2152 2453 2211 ad
2495 2159 2562 2211 se

471 2261 539 2310 ut
585 2252 1024 2311 reducerentur
1068 2251 1426 2328 imperavit3
1475 2260 1528 2310 si
1576 2250 1662 2310 ita
1704 2251 2016 2324 fecissent,
2048 2251 2198 2311 finis
2241 2258 2452 2311 eorum
2493 2258 2561 2311 se

467 2349 874 2412 violaturum⁸
917 2353 1181 2430 negavit.
1271 2354 1433 2410 Tum
1481 2351 1678 2428 copiis
1719 2351 1781 2410 in
1823 2359 1945 2411 tres
1985 2360 2181 2428 partis
2216 2352 2560 2412 distributis

469 2452 913 2530 impedimenta
963 2452 1237 2512 omnium
1290 2451 1600 2529 legionum
1654 2452 2042 2511 Aduatucam
2096 2453 2374 2512 contulit.
2484 2454 2560 2512 Id

372 2575 434 2611 20
469 2554 708 2613 castelli
767 2560 989 2613 nomen
1051 2562 1163 2612 est.
1254 2553 1399 2612 Hoc
1451 2550 1622 2611 fere⁹
1667 2562 1762 2612 est
1813 2552 1877 2610 in
1931 2552 2149 2612 mediis
2203 2553 2559 2612 Eburonum

466 2653 722 2726 finibus,
779 2652 884 2712 ubi
935 2652 1209 2712 Titinius
1262 2662 1449 2728 atque
1503 2652 1955 2711 Aurunculeius
2007 2653 2320 2712 hiemandi
2371 2663 2562 2712 causa

468 2754 899 2813 consederant.
1012 2753 1202 2810 Hunc
1254 2770 1395 2810 cum
1443 2751 1696 2828 reliquis
1744 2752 1928 2811 rebus
1979 2752 2183 2811 locum
2236 2753 2559 2828 probabat,

468 2863 597 2913 tum
628 2854 798 2930 quod
827 2852 1164 2930 superioris
1198 2860 1344 2910 anni
1381 2851 1760 2911 munitiones
1802 2851 2075 2929 integrae
2109 2853 2460 2924 manebant,
2497 2864 2563 2912 ut

468 2953 729 3013 militum
767 2953 1040 3013 laborem
1079 2948 1495 3012 sublevaret.¹⁰
1582 2951 1899 3012 Praesidio
1930 2952 2387 3028 impedimentis
2419 2953 2562 3032 legi·

372 3072 431 3125 25
468 3060 649 3113 onem
682 3071 834 3113 x1111
866 3053 1129 3130 reliquit,
1164 3062 1348 3111 unam
1388 3071 1466 3111 ex
1511 3052 1610 3111 his
1658 3051 1854 3111 tribus
1902 3061 2057 3128 quas
2097 3053 2372 3129 proxime
2418 3062 2560 3114 con-

468 3163 728 3231 scriptas
760 3172 835 3213 ex
870 3146 1054 3212 Ttalia
1083 3154 1453 3212 traduxerat.
1546 3154 1618 3211 Ei
1654 3151 1882 3230 legioni
1921 3161 2263 3229 castrisque
2304 3153 2381 3227 Q.
2417 3155 2562 3213 Tul·

467 3254 613 3313 lium
648 3255 1013 3315 Ciceronem
1043 3252 1339 3330 praefecit
1370 3254 1795 3330 ducentosque
1826 3254 2064 3329 equites
2096 3253 2390 3314 attribuit.

557 3404 639 3454 Cf.
673 3403 691 3436 ¹
715 3404 1058 3456 abdiderunt.
1083 3432 1148 3440 —
1173 3401 1196 3435 ²
1219 3403 1623 3455 commiserunt.
1653 3431 1718 3439 —
1738 3401 1761 3435 ⁸
1795 3403 2028 3466 ceperat.
2052 3431 2121 3439 —
2141 3404 2161 3434 ⁴
2186 3403 2295 3453 sibi
2331 3406 2561 3455 mortem

465 3488 746 3539 conscivit.
767 3485 869 3524 —5
892 3488 1148 3552 petitum.
1173 3514 1242 3522 —
1261 3486 1284 3519 ⁶
1309 3486 1555 3537 eandem.
1583 3513 1647 3521 —
1670 3483 1690 3518 ⁷
1714 3486 2034 3550 perquisita.
2057 3513 2126 3521 —
2145 3484 2166 3518 ⁸
2191 3487 2554 3537 vastaturum.

464 3570 566 3607 —⁹
588 3583 774 3637 prope.
790 3568 913 3608 —10
938 3570 1224 3621 minueret.
