<?xml version="1.0" encoding="UTF-8"?>
<!DOCTYPE html PUBLIC "-//W3C//DTD XHTML 1.0 Transitional//EN"
    "http://www.w3.org/TR/xhtml1/DTD/xhtml1-transitional.dtd">
<html xmlns="http://www.w3.org/1999/xhtml" xml:lang="en" lang="en">
 <head>
  <title>
</title>
<meta http-equiv="Content-Type" content="text/html;charset=utf-8" />
  <meta name='ocr-system' content='tesseract 3.04.00' />
  <meta name='ocr-capabilities' content='ocr_page ocr_carea ocr_par ocr_line ocrx_word'/>
</head>
<body>
  <div class='ocr_page' id='page_1' title='image "./caesarsgallicwa02greegoog_0207.png"; bbox 0 0 2819 4297; ppageno 0'>
   <div class='ocr_carea' id='block_1_1' title="bbox 368 240 2455 348">
    <p class='ocr_par' dir='ltr' id='par_1_1' title="bbox 368 240 2455 348">
     <span class='ocr_line' id='line_1_1' title="bbox 368 240 2455 348; baseline 0.005 -30"><span class='ocrx_word' id='word_1_1' title='bbox 368 273 427 319; x_wconf 84' lang='grc' dir='ltr'>Β.</span> <span class='ocrx_word' id='word_1_2' title='bbox 452 269 518 320; x_wconf 89' lang='lat' dir='ltr'>G.</span> <span class='ocrx_word' id='word_1_3' title='bbox 545 271 640 321; x_wconf 91' lang='lat' dir='ltr'>IV.</span> <span class='ocrx_word' id='word_1_4' title='bbox 664 270 736 339; x_wconf 90' lang='lat'>6.]</span> <span class='ocrx_word' id='word_1_5' title='bbox 840 259 1208 348; x_wconf 55' lang='lat' dir='ltr'>Campazgn</span> <span class='ocrx_word' id='word_1_6' title='bbox 1238 262 1511 346; x_wconf 81' lang='lat' dir='ltr'><em>against</em></span> <span class='ocrx_word' id='word_1_7' title='bbox 1541 240 1650 327; x_wconf 73' lang='lat' dir='ltr'>ihc</span> <span class='ocrx_word' id='word_1_8' title='bbox 1685 262 2025 326; x_wconf 86' lang='lat' dir='ltr'>Germans.</span> <span class='ocrx_word' id='word_1_9' title='bbox 2370 276 2455 343; x_wconf 90' lang='lat'>97</span> 
     </span>
    </p>
   </div>
   <div class='ocr_carea' id='block_1_2' title="bbox 364 452 2463 2374">
    <p class='ocr_par' dir='ltr' id='par_1_2' title="bbox 364 452 2462 935">
     <span class='ocr_line' id='line_1_2' title="bbox 366 452 2459 516; baseline 0 -4"><span class='ocrx_word' id='word_1_10' title='bbox 366 452 656 514; x_wconf 82' lang='lat' dir='ltr'>certieres</span> <span class='ocrx_word' id='word_1_11' title='bbox 695 454 844 513; x_wconf 85' lang='lat' dir='ltr'>facti</span> <span class='ocrx_word' id='word_1_12' title='bbox 884 454 1017 515; x_wconf 92' lang='lat' dir='ltr'>sine</span> <span class='ocrx_word' id='word_1_13' title='bbox 1053 465 1221 515; x_wconf 71' lang='lat' dir='ltr'>metu</span> <span class='ocrx_word' id='word_1_14' title='bbox 1248 463 1418 515; x_wconf 77' lang='lat' dir='ltr'>trans</span> <span class='ocrx_word' id='word_1_15' title='bbox 1462 456 1749 515; x_wconf 86' lang='lat' dir='ltr'>Rhenum</span> <span class='ocrx_word' id='word_1_16' title='bbox 1792 453 1856 513; x_wconf 91' lang='lat' dir='ltr'>in</span> <span class='ocrx_word' id='word_1_17' title='bbox 1901 461 2049 515; x_wconf 83' lang='lat' dir='ltr'>sues</span> <span class='ocrx_word' id='word_1_18' title='bbox 2077 462 2252 516; x_wconf 83' lang='lat' dir='ltr'>vices</span> <span class='ocrx_word' id='word_1_19' title='bbox 2287 454 2459 515; x_wconf 88' lang='lat' dir='ltr'>remi-</span> 
     </span>
     <span class='ocr_line' id='line_1_3' title="bbox 364 553 2460 633; baseline 0.001 -21"><span class='ocrx_word' id='word_1_20' title='bbox 364 561 710 632; x_wconf 73' lang='lat' dir='ltr'>graverant.</span> <span class='ocrx_word' id='word_1_21' title='bbox 772 554 895 613; x_wconf 90' lang='lat' dir='ltr'>His</span> <span class='ocrx_word' id='word_1_22' title='bbox 915 553 1256 615; x_wconf 86' lang='lat' dir='ltr'>interfectis</span> <span class='ocrx_word' id='word_1_23' title='bbox 1276 556 1660 633; x_wconf 75' lang='lat' dir='ltr'>navibusque</span> <span class='ocrx_word' id='word_1_24' title='bbox 1681 563 1889 616; x_wconf 82' lang='lat' dir='ltr'>eerum</span> <span class='ocrx_word' id='word_1_25' title='bbox 1910 563 2246 632; x_wconf 76' lang='lat' dir='ltr'>occupatiS,</span> <span class='ocrx_word' id='word_1_26' title='bbox 2269 555 2460 631; x_wconf 91' lang='lat' dir='ltr'>prius-</span> 
     </span>
     <span class='ocr_line' id='line_1_4' title="bbox 368 654 2462 733; baseline -0 -20"><span class='ocrx_word' id='word_1_27' title='bbox 368 673 554 732; x_wconf 90' lang='lat' dir='ltr'><strong>quam</strong></span> <span class='ocrx_word' id='word_1_28' title='bbox 584 673 658 714; x_wconf 88' lang='lat' dir='ltr'>ea</span> <span class='ocrx_word' id='word_1_29' title='bbox 694 674 840 732; x_wconf 91' lang='lat' dir='ltr'>pars</span> <span class='ocrx_word' id='word_1_30' title='bbox 881 655 1314 732; x_wconf 83' lang='lat' dir='ltr'>Menapierum</span> <span class='ocrx_word' id='word_1_31' title='bbox 1357 675 1517 733; x_wconf 92' lang='lat' dir='ltr'>quae</span> <span class='ocrx_word' id='word_1_32' title='bbox 1558 655 1709 715; x_wconf 70' lang='lat' dir='ltr'>citra</span> <span class='ocrx_word' id='word_1_33' title='bbox 1752 656 2037 714; x_wconf 91' lang='lat' dir='ltr'>Rhenum</span> <span class='ocrx_word' id='word_1_34' title='bbox 2078 664 2209 715; x_wconf 89' lang='lat' dir='ltr'>erat</span> <span class='ocrx_word' id='word_1_35' title='bbox 2238 654 2462 715; x_wconf 87' lang='lat' dir='ltr'>certior</span> 
     </span>
     <span class='ocr_line' id='line_1_5' title="bbox 367 754 2460 832; baseline -0 -18"><span class='ocrx_word' id='word_1_36' title='bbox 367 755 556 828; x_wconf 86' lang='lat' dir='ltr'>fieret,</span> <span class='ocrx_word' id='word_1_37' title='bbox 589 754 815 814; x_wconf 75' lang='lat' dir='ltr'>flumen</span> <span class='ocrx_word' id='word_1_38' title='bbox 846 755 1220 816; x_wconf 63' lang='lat' dir='ltr'>transierunt</span> <span class='ocrx_word' id='word_1_39' title='bbox 1252 766 1437 832; x_wconf 90' lang='lat' dir='ltr'>atque</span> <span class='ocrx_word' id='word_1_40' title='bbox 1474 755 1763 815; x_wconf 90' lang='lat' dir='ltr'>omnibus</span> <span class='ocrx_word' id='word_1_41' title='bbox 1793 762 2004 816; x_wconf 81' lang='lat' dir='ltr'>cerum</span> <span class='ocrx_word' id='word_1_42' title='bbox 2036 754 2336 815; x_wconf 88' lang='lat' dir='ltr'>aedificiis</span> <span class='ocrx_word' id='word_1_43' title='bbox 2365 773 2460 815; x_wconf 93' lang='lat' dir='ltr'>oc-</span> 
     </span>
     <span class='ocr_line' id='line_1_6' title="bbox 368 855 2358 935; baseline 0 -21"><span class='ocrx_word' id='word_1_44' title='bbox 368 863 611 932; x_wconf 73' lang='lat' dir='ltr'>cupetis</span> <span class='ocrx_word' id='word_1_45' title='bbox 641 856 939 935; x_wconf 90' lang='lat' dir='ltr'>reliquam</span> <span class='ocrx_word' id='word_1_46' title='bbox 972 866 1209 934; x_wconf 91' lang='lat' dir='ltr'>partem</span> <span class='ocrx_word' id='word_1_47' title='bbox 1241 856 1460 916; x_wconf 90' lang='lat' dir='ltr'>hiemis</span> <span class='ocrx_word' id='word_1_48' title='bbox 1492 863 1559 916; x_wconf 93' lang='lat' dir='ltr'>se</span> <span class='ocrx_word' id='word_1_49' title='bbox 1590 863 1802 917; x_wconf 83' lang='lat' dir='ltr'>eerum</span> <span class='ocrx_word' id='word_1_50' title='bbox 1832 855 2029 933; x_wconf 83' lang='lat' dir='ltr'>cepiis</span> <span class='ocrx_word' id='word_1_51' title='bbox 2059 857 2358 915; x_wconf 90' lang='lat' dir='ltr'>aluerunt.</span> 
     </span>
    </p>

    <p class='ocr_par' dir='ltr' id='par_1_3' title="bbox 456 1004 2380 1048">
     <span class='ocr_line' id='line_1_7' title="bbox 456 1004 2380 1048; baseline 0 -2"><span class='ocrx_word' id='word_1_52' title='bbox 456 1004 622 1046; x_wconf 72' lang='lat' dir='ltr'>Coesar</span> <span class='ocrx_word' id='word_1_53' title='bbox 647 1004 890 1047; x_wconf 75' lang='lat' dir='ltr'>Distrusts</span> <span class='ocrx_word' id='word_1_54' title='bbox 920 1006 1004 1047; x_wconf 85' lang='lat' dir='ltr'>the</span> <span class='ocrx_word' id='word_1_55' title='bbox 1024 1005 1176 1048; x_wconf 70' lang='lat' dir='ltr'>Gaulo</span> <span class='ocrx_word' id='word_1_56' title='bbox 1204 1016 1267 1046; x_wconf 88' lang='lat' dir='ltr'>on</span> <span class='ocrx_word' id='word_1_57' title='bbox 1294 1006 1516 1048; x_wconf 74' lang='lat' dir='ltr'>Account</span> <span class='ocrx_word' id='word_1_58' title='bbox 1542 1005 1594 1047; x_wconf 80' lang='lat' dir='ltr'>of</span> <span class='ocrx_word' id='word_1_59' title='bbox 1619 1006 1748 1048; x_wconf 81' lang='lat' dir='ltr'>their</span> <span class='ocrx_word' id='word_1_60' title='bbox 1774 1006 1941 1047; x_wconf 81' lang='lat' dir='ltr'>Fickle</span> <span class='ocrx_word' id='word_1_61' title='bbox 1968 1005 2245 1047; x_wconf 74' lang='lat' dir='ltr'>Charaeter.</span> <span class='ocrx_word' id='word_1_62' title='bbox 2300 1005 2380 1046; x_wconf 74' lang='lat' dir='ltr'>Hc</span> 
     </span>
    </p>

    <p class='ocr_par' dir='ltr' id='par_1_4' title="bbox 922 1072 1906 1115">
     <span class='ocr_line' id='line_1_8' title="bbox 922 1072 1906 1115; baseline 0.001 -2"><span class='ocrx_word' id='word_1_63' title='bbox 922 1073 1072 1114; x_wconf 76' lang='lat' dir='ltr'>Fears</span> <span class='ocrx_word' id='word_1_64' title='bbox 1097 1072 1226 1114; x_wconf 84' lang='lat' dir='ltr'>their</span> <span class='ocrx_word' id='word_1_65' title='bbox 1250 1073 1472 1114; x_wconf 78' lang='lat' dir='ltr'>Alliance</span> <span class='ocrx_word' id='word_1_66' title='bbox 1498 1073 1622 1113; x_wconf 85' lang='lat' dir='ltr'>with</span> <span class='ocrx_word' id='word_1_67' title='bbox 1651 1072 1906 1115; x_wconf 69' lang='lat' dir='ltr'>Germana.</span> 
     </span>
    </p>

    <p class='ocr_par' dir='ltr' id='par_1_5' title="bbox 369 1191 2463 2374">
     <span class='ocr_line' id='line_1_9' title="bbox 453 1191 2459 1252; baseline 0 -3"><span class='ocrx_word' id='word_1_68' title='bbox 453 1201 510 1250; x_wconf 84' lang='lat'>5.</span> <span class='ocrx_word' id='word_1_69' title='bbox 574 1193 695 1252; x_wconf 91' lang='lat' dir='ltr'>His</span> <span class='ocrx_word' id='word_1_70' title='bbox 747 1192 824 1251; x_wconf 96' lang='lat' dir='ltr'>de</span> <span class='ocrx_word' id='word_1_71' title='bbox 883 1192 1067 1252; x_wconf 93' lang='lat' dir='ltr'>rebus</span> <span class='ocrx_word' id='word_1_72' title='bbox 1124 1194 1358 1252; x_wconf 91' lang='lat' dir='ltr'>Caesar</span> <span class='ocrx_word' id='word_1_73' title='bbox 1411 1191 1632 1251; x_wconf 84' lang='lat' dir='ltr'>certior</span> <span class='ocrx_word' id='word_1_74' title='bbox 1680 1192 1881 1252; x_wconf 82' lang='lat' dir='ltr'>factus</span> <span class='ocrx_word' id='word_1_75' title='bbox 1933 1200 1995 1252; x_wconf 91' lang='lat' dir='ltr'>et</span> <span class='ocrx_word' id='word_1_76' title='bbox 2044 1191 2459 1251; x_wconf 59' lang='lat' dir='ltr'>infirmitatem</span> 
     </span>
     <span class='ocr_line' id='line_1_10' title="bbox 369 1291 2460 1370; baseline 0 -20"><span class='ocrx_word' id='word_1_77' title='bbox 369 1292 687 1352; x_wconf 83' lang='lat' dir='ltr'>Gallerum</span> <span class='ocrx_word' id='word_1_78' title='bbox 730 1292 976 1365; x_wconf 78' lang='lat' dir='ltr'>verituS,</span> <span class='ocrx_word' id='word_1_79' title='bbox 1012 1292 1179 1368; x_wconf 94' lang='lat' dir='ltr'>quod</span> <span class='ocrx_word' id='word_1_80' title='bbox 1224 1301 1369 1352; x_wconf 91' lang='lat' dir='ltr'>sunt</span> <span class='ocrx_word' id='word_1_81' title='bbox 1414 1292 1475 1350; x_wconf 92' lang='lat' dir='ltr'>in</span> <span class='ocrx_word' id='word_1_82' title='bbox 1521 1291 1798 1352; x_wconf 81' lang='lat' dir='ltr'>censiliis</span> <span class='ocrx_word' id='word_1_83' title='bbox 1841 1292 2160 1370; x_wconf 84' lang='lat' dir='ltr'>capiendis</span> <span class='ocrx_word' id='word_1_84' title='bbox 2199 1291 2460 1352; x_wconf 82' lang='lat' dir='ltr'>mebiles</span> 
     </span>
     <span class='ocr_line' id='line_1_11' title="bbox 369 1390 2460 1469; baseline -0.002 -16"><span class='ocrx_word' id='word_1_85' title='bbox 369 1402 431 1453; x_wconf 90' lang='lat' dir='ltr'>et</span> <span class='ocrx_word' id='word_1_86' title='bbox 475 1400 653 1452; x_wconf 88' lang='lat' dir='ltr'>novis</span> <span class='ocrx_word' id='word_1_87' title='bbox 690 1393 1052 1469; x_wconf 89' lang='lat' dir='ltr'>plerumque</span> <span class='ocrx_word' id='word_1_88' title='bbox 1093 1393 1277 1452; x_wconf 88' lang='lat' dir='ltr'>rebus</span> <span class='ocrx_word' id='word_1_89' title='bbox 1319 1393 1586 1465; x_wconf 86' lang='lat' dir='ltr'>student,</span> <span class='ocrx_word' id='word_1_90' title='bbox 1622 1391 1774 1451; x_wconf 86' lang='lat' dir='ltr'>nihil</span> <span class='ocrx_word' id='word_1_91' title='bbox 1815 1392 1912 1452; x_wconf 88' lang='lat' dir='ltr'>his</span> <span class='ocrx_word' id='word_1_92' title='bbox 1953 1390 2460 1451; x_wconf 88' lang='lat' dir='ltr'>committendum</span> 
     </span>
     <span class='ocr_line' id='line_1_12' title="bbox 369 1490 2461 1553; baseline -0 -1"><span class='ocrx_word' id='word_1_93' title='bbox 369 1491 756 1552; x_wconf 79' lang='lat' dir='ltr'>existimavit.</span> <span class='ocrx_word' id='word_1_94' title='bbox 847 1494 959 1553; x_wconf 92' lang='lat' dir='ltr'>Est</span> <span class='ocrx_word' id='word_1_95' title='bbox 1010 1492 1174 1551; x_wconf 91' lang='lat' dir='ltr'>enim</span> <span class='ocrx_word' id='word_1_96' title='bbox 1234 1490 1355 1553; x_wconf 83' lang='lat' dir='ltr'>hec</span> <span class='ocrx_word' id='word_1_97' title='bbox 1408 1491 1688 1553; x_wconf 87' lang='lat' dir='ltr'>Gallicae</span> <span class='ocrx_word' id='word_1_98' title='bbox 1745 1490 2209 1552; x_wconf 76' lang='lat' dir='ltr'>censuetudinis</span> <span class='ocrx_word' id='word_1_99' title='bbox 2258 1499 2347 1550; x_wconf 88' lang='lat' dir='ltr'>uti</span> <span class='ocrx_word' id='word_1_100' title='bbox 2398 1502 2461 1551; x_wconf 90' lang='lat' dir='ltr'>et</span> 
     </span>
     <span class='ocr_line' id='line_1_13' title="bbox 370 1589 2460 1671; baseline -0.001 -19"><span class='ocrx_word' id='word_1_101' title='bbox 370 1592 638 1652; x_wconf 67' lang='lat' dir='ltr'>viateres</span> <span class='ocrx_word' id='word_1_102' title='bbox 681 1591 867 1652; x_wconf 90' lang='lat' dir='ltr'>etiam</span> <span class='ocrx_word' id='word_1_103' title='bbox 910 1589 1178 1653; x_wconf 83' lang='lat' dir='ltr'>invites¹</span> <span class='ocrx_word' id='word_1_104' title='bbox 1219 1591 1563 1653; x_wconf 82' lang='lat' dir='ltr'>censistere</span> <span class='ocrx_word' id='word_1_105' title='bbox 1607 1600 1851 1671; x_wconf 80' lang='lat' dir='ltr'>cegant,</span> <span class='ocrx_word' id='word_1_106' title='bbox 1897 1602 1959 1653; x_wconf 92' lang='lat' dir='ltr'>et</span> <span class='ocrx_word' id='word_1_107' title='bbox 2004 1591 2155 1669; x_wconf 91' lang='lat' dir='ltr'>quid</span> <span class='ocrx_word' id='word_1_108' title='bbox 2199 1591 2460 1669; x_wconf 91' lang='lat' dir='ltr'>quisque</span> 
     </span>
     <span class='ocr_line' id='line_1_14' title="bbox 370 1692 2461 1772; baseline 0 -20"><span class='ocrx_word' id='word_1_109' title='bbox 370 1700 583 1752; x_wconf 83' lang='lat' dir='ltr'>eerum</span> <span class='ocrx_word' id='word_1_110' title='bbox 627 1692 707 1752; x_wconf 94' lang='lat' dir='ltr'>de</span> <span class='ocrx_word' id='word_1_111' title='bbox 752 1701 997 1769; x_wconf 70' lang='lat' dir='ltr'>quaque</span> <span class='ocrx_word' id='word_1_112' title='bbox 1041 1699 1106 1752; x_wconf 93' lang='lat' dir='ltr'>re</span> <span class='ocrx_word' id='word_1_113' title='bbox 1153 1692 1416 1753; x_wconf 89' lang='lat' dir='ltr'>audierit</span> <span class='ocrx_word' id='word_1_114' title='bbox 1461 1703 1568 1753; x_wconf 91' lang='lat' dir='ltr'>aut</span> <span class='ocrx_word' id='word_1_115' title='bbox 1611 1694 1970 1772; x_wconf 82' lang='lat' dir='ltr'>cegneverit</span> <span class='ocrx_word' id='word_1_116' title='bbox 2012 1702 2350 1770; x_wconf 84' lang='lat' dir='ltr'>quaerant3</span> <span class='ocrx_word' id='word_1_117' title='bbox 2397 1701 2461 1752; x_wconf 91' lang='lat' dir='ltr'>et</span> 
     </span>
     <span class='ocr_line' id='line_1_15' title="bbox 369 1793 2461 1871; baseline 0 -20"><span class='ocrx_word' id='word_1_118' title='bbox 369 1800 741 1853; x_wconf 55' lang='lat' dir='ltr'>merc-{iteres</span> <span class='ocrx_word' id='word_1_119' title='bbox 799 1793 862 1851; x_wconf 93' lang='lat' dir='ltr'>in</span> <span class='ocrx_word' id='word_1_120' title='bbox 921 1793 1168 1870; x_wconf 87' lang='lat' dir='ltr'>oppidis</span> <span class='ocrx_word' id='word_1_121' title='bbox 1225 1794 1444 1871; x_wconf 87' lang='lat' dir='ltr'>volgus</span> <span class='ocrx_word' id='word_1_122' title='bbox 1500 1793 1927 1867; x_wconf 85' lang='lat' dir='ltr'>circumsistat,</span> <span class='ocrx_word' id='word_1_123' title='bbox 1977 1793 2327 1870; x_wconf 89' lang='lat' dir='ltr'>quibusque</span> <span class='ocrx_word' id='word_1_124' title='bbox 2384 1812 2461 1852; x_wconf 86' lang='lat' dir='ltr'>ex</span> 
     </span>
     <span class='ocr_line' id='line_1_16' title="bbox 369 1892 2461 1973; baseline 0 -22"><span class='ocrx_word' id='word_1_125' title='bbox 369 1892 726 1970; x_wconf 82' lang='lat' dir='ltr'>regienibus</span> <span class='ocrx_word' id='word_1_126' title='bbox 766 1893 1022 1953; x_wconf 88' lang='lat' dir='ltr'>veniant</span> <span class='ocrx_word' id='word_1_127' title='bbox 1061 1902 1339 1970; x_wconf 65' lang='lat' dir='ltr'>quisque</span> <span class='ocrx_word' id='word_1_128' title='bbox 1380 1893 1466 1953; x_wconf 92' lang='lat' dir='ltr'>ibi</span> <span class='ocrx_word' id='word_1_129' title='bbox 1507 1901 1604 1954; x_wconf 92' lang='lat' dir='ltr'>res</span> <span class='ocrx_word' id='word_1_130' title='bbox 1636 1893 2036 1973; x_wconf 83' lang='lat' dir='ltr'>cegneverint</span> <span class='ocrx_word' id='word_1_131' title='bbox 2065 1893 2461 1970; x_wconf 67' lang='lat' dir='ltr'>prenfintiere</span> 
     </span>
     <span class='ocr_line' id='line_1_17' title="bbox 369 1993 2463 2072; baseline -0.001 -18"><span class='ocrx_word' id='word_1_132' title='bbox 369 2001 570 2070; x_wconf 82' lang='lat' dir='ltr'>cegat.</span> <span class='ocrx_word' id='word_1_133' title='bbox 663 1995 784 2053; x_wconf 91' lang='lat' dir='ltr'>His</span> <span class='ocrx_word' id='word_1_134' title='bbox 835 1994 1020 2053; x_wconf 92' lang='lat' dir='ltr'>rebus</span> <span class='ocrx_word' id='word_1_135' title='bbox 1071 2003 1258 2071; x_wconf 90' lang='lat' dir='ltr'>atque</span> <span class='ocrx_word' id='word_1_136' title='bbox 1307 1993 1728 2054; x_wconf 81' lang='lat' dir='ltr'>auditienibus</span> <span class='ocrx_word' id='word_1_137' title='bbox 1777 2001 2040 2072; x_wconf 81' lang='lat' dir='ltr'>permeti</span> <span class='ocrx_word' id='word_1_138' title='bbox 2084 1993 2162 2052; x_wconf 92' lang='lat' dir='ltr'>de</span> <span class='ocrx_word' id='word_1_139' title='bbox 2206 2001 2463 2052; x_wconf 89' lang='lat' dir='ltr'>summis</span> 
     </span>
     <span class='ocr_line' id='line_1_18' title="bbox 370 2077 2459 2172; baseline -0.001 -18"><span class='ocrx_word' id='word_1_140' title='bbox 370 2111 559 2172; x_wconf 90' lang='lat' dir='ltr'>saepe</span> <span class='ocrx_word' id='word_1_141' title='bbox 588 2094 771 2155; x_wconf 91' lang='lat' dir='ltr'>rebus</span> <span class='ocrx_word' id='word_1_142' title='bbox 796 2093 1056 2155; x_wconf 83' lang='lat' dir='ltr'>censilia</span> <span class='ocrx_word' id='word_1_143' title='bbox 1087 2093 1318 2169; x_wconf 87' lang='lat' dir='ltr'>ineunt,</span> <span class='ocrx_word' id='word_1_144' title='bbox 1345 2077 1605 2171; x_wconf 81' lang='lat' dir='ltr'>querum</span> <span class='ocrx_word' id='word_1_145' title='bbox 1638 2102 1745 2156; x_wconf 83' lang='lat' dir='ltr'>ees</span> <span class='ocrx_word' id='word_1_146' title='bbox 1769 2094 1831 2154; x_wconf 90' lang='lat' dir='ltr'>in</span> <span class='ocrx_word' id='word_1_147' title='bbox 1856 2093 2117 2172; x_wconf 82' lang='lat' dir='ltr'>vestigio</span> <span class='ocrx_word' id='word_1_148' title='bbox 2147 2091 2459 2170; x_wconf 88' lang='lat' dir='ltr'>paenitere</span> 
     </span>
     <span class='ocr_line' id='line_1_19' title="bbox 370 2183 2461 2272; baseline -0 -18"><span class='ocrx_word' id='word_1_149' title='bbox 370 2213 627 2255; x_wconf 90' lang='lat' dir='ltr'>necesse</span> <span class='ocrx_word' id='word_1_150' title='bbox 673 2205 784 2269; x_wconf 91' lang='lat' dir='ltr'>est,</span> <span class='ocrx_word' id='word_1_151' title='bbox 819 2214 958 2255; x_wconf 88' lang='lat' dir='ltr'>curn</span> <span class='ocrx_word' id='word_1_152' title='bbox 1003 2195 1253 2255; x_wconf 90' lang='lat' dir='ltr'>incertis</span> <span class='ocrx_word' id='word_1_153' title='bbox 1298 2195 1647 2256; x_wconf 75' lang='lat' dir='ltr'>rumeribus</span> <span class='ocrx_word' id='word_1_154' title='bbox 1681 2183 1955 2271; x_wconf 75' lang='lat' dir='ltr'>serviant</span> <span class='ocrx_word' id='word_1_155' title='bbox 1981 2204 2044 2255; x_wconf 91' lang='lat' dir='ltr'>et</span> <span class='ocrx_word' id='word_1_156' title='bbox 2071 2195 2352 2272; x_wconf 75' lang='lat' dir='ltr'>plerique</span> <span class='ocrx_word' id='word_1_157' title='bbox 2380 2193 2461 2253; x_wconf 90' lang='lat' dir='ltr'>ad</span> 
     </span>
     <span class='ocr_line' id='line_1_20' title="bbox 369 2294 1632 2374; baseline 0.002 -21"><span class='ocrx_word' id='word_1_158' title='bbox 369 2294 747 2355; x_wconf 74' lang='lat' dir='ltr'>voluntatem</span> <span class='ocrx_word' id='word_1_159' title='bbox 779 2303 990 2356; x_wconf 83' lang='lat' dir='ltr'>eerum</span> <span class='ocrx_word' id='word_1_160' title='bbox 1020 2296 1166 2355; x_wconf 87' lang='lat' dir='ltr'>ficta</span> <span class='ocrx_word' id='word_1_161' title='bbox 1194 2296 1632 2374; x_wconf 89' lang='lat' dir='ltr'>respondeant.</span> 
     </span>
    </p>
   </div>
   <div class='ocr_carea' id='block_1_3' title="bbox 369 2444 2462 3728">
    <p class='ocr_par' dir='ltr' id='par_1_6' title="bbox 797 2444 2035 2487">
     <span class='ocr_line' id='line_1_21' title="bbox 797 2444 2035 2487; baseline 0.001 -1"><span class='ocrx_word' id='word_1_162' title='bbox 797 2444 876 2486; x_wconf 82' lang='lat' dir='ltr'>He</span> <span class='ocrx_word' id='word_1_163' title='bbox 904 2444 1142 2486; x_wconf 76' lang='lat' dir='ltr'>Resolves</span> <span class='ocrx_word' id='word_1_164' title='bbox 1169 2449 1221 2486; x_wconf 86' lang='lat' dir='ltr'>to</span> <span class='ocrx_word' id='word_1_165' title='bbox 1250 2445 1398 2486; x_wconf 75' lang='lat' dir='ltr'>Make</span> <span class='ocrx_word' id='word_1_166' title='bbox 1428 2444 1553 2486; x_wconf 78' lang='lat' dir='ltr'>War</span> <span class='ocrx_word' id='word_1_167' title='bbox 1583 2456 1647 2486; x_wconf 87' lang='lat' dir='ltr'>on</span> <span class='ocrx_word' id='word_1_168' title='bbox 1673 2445 1757 2487; x_wconf 85' lang='lat' dir='ltr'>the</span> <span class='ocrx_word' id='word_1_169' title='bbox 1784 2444 2035 2487; x_wconf 74' lang='lat' dir='ltr'>Germana.</span> 
     </span>
    </p>

    <p class='ocr_par' dir='ltr' id='par_1_7' title="bbox 369 2545 2462 3728">
     <span class='ocr_line' id='line_1_22' title="bbox 457 2545 2461 2624; baseline 0.001 -19"><span class='ocrx_word' id='word_1_170' title='bbox 457 2553 510 2605; x_wconf 82' lang='lat'>6.</span> <span class='ocrx_word' id='word_1_171' title='bbox 570 2546 709 2621; x_wconf 73' lang='lat' dir='ltr'>Qua</span> <span class='ocrx_word' id='word_1_172' title='bbox 758 2546 1208 2607; x_wconf 76' lang='lat' dir='ltr'>censuetfidine</span> <span class='ocrx_word' id='word_1_173' title='bbox 1255 2545 1507 2624; x_wconf 70' lang='lat' dir='ltr'>cegnite</span> <span class='ocrx_word' id='word_1_174' title='bbox 1558 2549 1804 2620; x_wconf 89' lang='lat' dir='ltr'>Caesar,</span> <span class='ocrx_word' id='word_1_175' title='bbox 1856 2554 1934 2605; x_wconf 91' lang='lat' dir='ltr'>ne</span> <span class='ocrx_word' id='word_1_176' title='bbox 1980 2546 2246 2624; x_wconf 78' lang='lat' dir='ltr'>graviori</span> <span class='ocrx_word' id='word_1_177' title='bbox 2294 2546 2461 2607; x_wconf 83' lang='lat' dir='ltr'>belle</span> 
     </span>
     <span class='ocr_line' id='line_1_23' title="bbox 370 2646 2462 2724; baseline 0 -18"><span class='ocrx_word' id='word_1_178' title='bbox 370 2657 734 2719; x_wconf 91' lang='lat' dir='ltr'>occurreret,</span> <span class='ocrx_word' id='word_1_179' title='bbox 770 2646 1064 2706; x_wconf 72' lang='lat' dir='ltr'>maturius</span> <span class='ocrx_word' id='word_1_180' title='bbox 1096 2667 1280 2723; x_wconf 89' lang='lat' dir='ltr'>quam</span> <span class='ocrx_word' id='word_1_181' title='bbox 1305 2654 1637 2707; x_wconf 83' lang='lat' dir='ltr'>censuerat</span> <span class='ocrx_word' id='word_1_182' title='bbox 1669 2647 1747 2707; x_wconf 91' lang='lat' dir='ltr'>ad</span> <span class='ocrx_word' id='word_1_183' title='bbox 1770 2646 2102 2706; x_wconf 86' lang='lat' dir='ltr'>exereitum</span> <span class='ocrx_word' id='word_1_184' title='bbox 2132 2647 2462 2724; x_wconf 86' lang='lat' dir='ltr'>proficisci-</span> 
     </span>
     <span class='ocr_line' id='line_1_24' title="bbox 369 2747 2459 2825; baseline 0 -19"><span class='ocrx_word' id='word_1_185' title='bbox 369 2756 485 2806; x_wconf 90' lang='lat' dir='ltr'>tur.</span> <span class='ocrx_word' id='word_1_186' title='bbox 576 2748 666 2806; x_wconf 85' lang='grc' dir='ltr'><em>Εὸ</em></span> <span class='ocrx_word' id='word_1_187' title='bbox 711 2765 850 2805; x_wconf 88' lang='lat' dir='ltr'>curn</span> <span class='ocrx_word' id='word_1_188' title='bbox 892 2747 1180 2821; x_wconf 80' lang='lat' dir='ltr'>venisset,</span> <span class='ocrx_word' id='word_1_189' title='bbox 1230 2767 1305 2807; x_wconf 92' lang='lat' dir='ltr'>ea</span> <span class='ocrx_word' id='word_1_190' title='bbox 1347 2767 1507 2825; x_wconf 91' lang='lat' dir='ltr'>quae</span> <span class='ocrx_word' id='word_1_191' title='bbox 1549 2749 1681 2807; x_wconf 87' lang='lat' dir='ltr'>fore</span> <span class='ocrx_word' id='word_1_192' title='bbox 1726 2747 2072 2825; x_wconf 74' lang='lat' dir='ltr'>suspicatus</span> <span class='ocrx_word' id='word_1_193' title='bbox 2117 2757 2249 2807; x_wconf 90' lang='lat' dir='ltr'>erat</span> <span class='ocrx_word' id='word_1_194' title='bbox 2289 2748 2459 2806; x_wconf 83' lang='lat' dir='ltr'>facta</span> 
     </span>
     <span class='ocr_line' id='line_1_25' title="bbox 371 2845 2459 2925; baseline 0 -19"><span class='ocrx_word' id='word_1_195' title='bbox 371 2845 662 2923; x_wconf 82' lang='lat' dir='ltr'>cegnevit</span> <span class='ocrx_word' id='word_1_196' title='bbox 686 2870 699 2906; x_wconf 79' lang='lat'>2</span> <span class='ocrx_word' id='word_1_197' title='bbox 742 2846 962 2906; x_wconf 74' lang='lat' dir='ltr'>missas</span> <span class='ocrx_word' id='word_1_198' title='bbox 999 2847 1338 2925; x_wconf 71' lang='lat' dir='ltr'>legationes</span> <span class='ocrx_word' id='word_1_199' title='bbox 1373 2849 1452 2908; x_wconf 93' lang='lat' dir='ltr'>ab</span> <span class='ocrx_word' id='word_1_200' title='bbox 1477 2856 1604 2909; x_wconf 82' lang='lat' dir='ltr'>nen</span> <span class='ocrx_word' id='word_1_201' title='bbox 1628 2848 1810 2908; x_wconf 74' lang='lat' dir='ltr'>nullis</span> <span class='ocrx_word' id='word_1_202' title='bbox 1835 2847 2185 2908; x_wconf 62' lang='lat' dir='ltr'>civitatibus</span> <span class='ocrx_word' id='word_1_203' title='bbox 2210 2848 2289 2907; x_wconf 88' lang='lat' dir='ltr'>ad</span> <span class='ocrx_word' id='word_1_204' title='bbox 2314 2849 2459 2906; x_wconf 91' lang='lat' dir='ltr'>Ger-</span> 
     </span>
     <span class='ocr_line' id='line_1_26' title="bbox 371 2947 2461 3024; baseline 0.001 -20"><span class='ocrx_word' id='word_1_205' title='bbox 371 2953 589 3007; x_wconf 70' lang='lat' dir='ltr'>menes</span> <span class='ocrx_word' id='word_1_206' title='bbox 636 2947 1049 3024; x_wconf 70' lang='lat' dir='ltr'>invitatesque</span> <span class='ocrx_word' id='word_1_207' title='bbox 1102 2955 1211 3007; x_wconf 84' lang='lat' dir='ltr'>ees</span> <span class='ocrx_word' id='word_1_208' title='bbox 1263 2957 1353 3008; x_wconf 87' lang='lat' dir='ltr'>uti</span> <span class='ocrx_word' id='word_1_209' title='bbox 1400 2949 1480 3008; x_wconf 88' lang='lat' dir='ltr'>ab</span> <span class='ocrx_word' id='word_1_210' title='bbox 1530 2949 1753 3009; x_wconf 84' lang='lat' dir='ltr'>Rhene</span> <span class='ocrx_word' id='word_1_211' title='bbox 1800 2949 2204 3021; x_wconf 79' lang='lat' dir='ltr'>discederent,</span> <span class='ocrx_word' id='word_1_212' title='bbox 2254 2947 2461 3007; x_wconf 90' lang='lat' dir='ltr'>omnia</span> 
     </span>
     <span class='ocr_line' id='line_1_27' title="bbox 373 3047 2462 3127; baseline 0.001 -22"><span class='ocrx_word' id='word_1_213' title='bbox 373 3066 531 3122; x_wconf 92' lang='lat' dir='ltr'>quae</span> <span class='ocrx_word' id='word_1_214' title='bbox 564 3047 751 3127; x_wconf 94' lang='lat' dir='ltr'>[que]</span> <span class='ocrx_word' id='word_1_215' title='bbox 799 3048 1223 3125; x_wconf 72' lang='lat' dir='ltr'>postulassent</span> <span class='ocrx_word' id='word_1_216' title='bbox 1268 3048 1346 3107; x_wconf 91' lang='lat' dir='ltr'>ab</span> <span class='ocrx_word' id='word_1_217' title='bbox 1394 3055 1461 3107; x_wconf 88' lang='lat' dir='ltr'>se</span> <span class='ocrx_word' id='word_1_218' title='bbox 1504 3050 1638 3109; x_wconf 86' lang='lat' dir='ltr'>fore</span> <span class='ocrx_word' id='word_1_219' title='bbox 1680 3057 1911 3126; x_wconf 59' lang='lat' dir='ltr'>parata.</span> <span class='ocrx_word' id='word_1_220' title='bbox 2022 3049 2164 3123; x_wconf 75' lang='lat' dir='ltr'>Qua</span> <span class='ocrx_word' id='word_1_221' title='bbox 2206 3055 2317 3125; x_wconf 92' lang='lat' dir='ltr'>spe</span> <span class='ocrx_word' id='word_1_222' title='bbox 2361 3049 2462 3108; x_wconf 89' lang='lat' dir='ltr'>ad-</span> 
     </span>
     <span class='ocr_line' id='line_1_28' title="bbox 371 3148 2459 3227; baseline 0.001 -21"><span class='ocrx_word' id='word_1_223' title='bbox 371 3148 543 3207; x_wconf 90' lang='lat' dir='ltr'>ducti</span> <span class='ocrx_word' id='word_1_224' title='bbox 573 3149 866 3207; x_wconf 61' lang='lat' dir='ltr'>Germani</span> <span class='ocrx_word' id='word_1_225' title='bbox 917 3148 1100 3209; x_wconf 77' lang='lat' dir='ltr'>latius</span> <span class='ocrx_word' id='word_1_226' title='bbox 1132 3149 1251 3208; x_wconf 90' lang='lat' dir='ltr'>iarn</span> <span class='ocrx_word' id='word_1_227' title='bbox 1286 3150 1670 3227; x_wconf 74' lang='lat' dir='ltr'>vagabantur</span> <span class='ocrx_word' id='word_1_228' title='bbox 1699 3159 1760 3209; x_wconf 90' lang='lat' dir='ltr'>et</span> <span class='ocrx_word' id='word_1_229' title='bbox 1803 3150 1866 3207; x_wconf 92' lang='lat' dir='ltr'>in</span> <span class='ocrx_word' id='word_1_230' title='bbox 1909 3150 2057 3208; x_wconf 82' lang='lat' dir='ltr'>finis</span> <span class='ocrx_word' id='word_1_231' title='bbox 2104 3150 2459 3209; x_wconf 83' lang='lat' dir='ltr'>Eburenutn</span> 
     </span>
     <span class='ocr_line' id='line_1_29' title="bbox 369 3247 2457 3326; baseline 0.001 -19"><span class='ocrx_word' id='word_1_232' title='bbox 369 3256 435 3307; x_wconf 88' lang='lat' dir='ltr'>et</span> <span class='ocrx_word' id='word_1_233' title='bbox 464 3247 942 3323; x_wconf 76' lang='lat' dir='ltr'>Condruserum‚</span> <span class='ocrx_word' id='word_1_234' title='bbox 983 3256 1089 3326; x_wconf 94' lang='lat' dir='ltr'>qui</span> <span class='ocrx_word' id='word_1_235' title='bbox 1120 3259 1264 3309; x_wconf 91' lang='lat' dir='ltr'>sunt</span> <span class='ocrx_word' id='word_1_236' title='bbox 1295 3251 1701 3308; x_wconf 77' lang='lat' dir='ltr'>Treverorum</span> <span class='ocrx_word' id='word_1_237' title='bbox 1732 3249 2007 3321; x_wconf 81' lang='lat' dir='ltr'>clienteS‚</span> <span class='ocrx_word' id='word_1_238' title='bbox 2034 3255 2457 3325; x_wconf 89' lang='lat' dir='ltr'>pervenerant.</span> 
     </span>
     <span class='ocr_line' id='line_1_30' title="bbox 373 3346 2461 3427; baseline 0 -21"><span class='ocrx_word' id='word_1_239' title='bbox 373 3347 762 3425; x_wconf 89' lang='lat' dir='ltr'>Principibus</span> <span class='ocrx_word' id='word_1_240' title='bbox 808 3350 1049 3411; x_wconf 91' lang='lat' dir='ltr'>Galliae</span> <span class='ocrx_word' id='word_1_241' title='bbox 1103 3346 1414 3409; x_wconf 75' lang='lat' dir='ltr'>evocatis²</span> <span class='ocrx_word' id='word_1_242' title='bbox 1472 3351 1704 3408; x_wconf 90' lang='lat' dir='ltr'>Caesar</span> <span class='ocrx_word' id='word_1_243' title='bbox 1753 3368 1827 3409; x_wconf 93' lang='lat' dir='ltr'>ea</span> <span class='ocrx_word' id='word_1_244' title='bbox 1878 3368 2036 3424; x_wconf 91' lang='lat' dir='ltr'>quae</span> <span class='ocrx_word' id='word_1_245' title='bbox 2087 3356 2461 3427; x_wconf 81' lang='lat' dir='ltr'>cegneverat</span> 
     </span>
     <span class='ocr_line' id='line_1_31' title="bbox 371 3447 2459 3526; baseline 0.001 -20"><span class='ocrx_word' id='word_1_246' title='bbox 371 3447 820 3509; x_wconf 87' lang='lat' dir='ltr'>dissimulanda</span> <span class='ocrx_word' id='word_1_247' title='bbox 868 3450 986 3510; x_wconf 93' lang='lat' dir='ltr'>sibi</span> <span class='ocrx_word' id='word_1_248' title='bbox 1036 3449 1421 3520; x_wconf 73' lang='lat' dir='ltr'>existimavit,</span> <span class='ocrx_word' id='word_1_249' title='bbox 1477 3456 1811 3525; x_wconf 82' lang='lat' dir='ltr'>eerumque</span> <span class='ocrx_word' id='word_1_250' title='bbox 1864 3448 2083 3508; x_wconf 87' lang='lat' dir='ltr'>animis</span> <span class='ocrx_word' id='word_1_251' title='bbox 2134 3450 2459 3526; x_wconf 88' lang='lat' dir='ltr'>permulsis</span> 
     </span>
     <span class='ocr_line' id='line_1_32' title="bbox 371 3548 2460 3627; baseline 0.001 -20"><span class='ocrx_word' id='word_1_252' title='bbox 371 3558 434 3608; x_wconf 89' lang='lat' dir='ltr'>et</span> <span class='ocrx_word' id='word_1_253' title='bbox 463 3549 847 3609; x_wconf 71' lang='lat' dir='ltr'>cenfirmatis</span> <span class='ocrx_word' id='word_1_254' title='bbox 893 3548 1290 3627; x_wconf 70' lang='lat' dir='ltr'>equitetfique</span> <span class='ocrx_word' id='word_1_255' title='bbox 1332 3549 1631 3625; x_wconf 75' lang='lat' dir='ltr'>imperate</span> <span class='ocrx_word' id='word_1_256' title='bbox 1676 3549 1902 3608; x_wconf 90' lang='lat' dir='ltr'>bellurn</span> <span class='ocrx_word' id='word_1_257' title='bbox 1948 3568 2087 3608; x_wconf 89' lang='lat' dir='ltr'>curn</span> <span class='ocrx_word' id='word_1_258' title='bbox 2133 3550 2460 3609; x_wconf 60' lang='lat' dir='ltr'>Germanis</span> 
     </span>
     <span class='ocr_line' id='line_1_33' title="bbox 370 3649 951 3728; baseline 0.003 -19"><span class='ocrx_word' id='word_1_259' title='bbox 370 3667 584 3728; x_wconf 90' lang='lat' dir='ltr'>gerere</span> <span class='ocrx_word' id='word_1_260' title='bbox 614 3649 951 3711; x_wconf 83' lang='lat' dir='ltr'>censtituit.</span> 
     </span>
    </p>
   </div>
   <div class='ocr_carea' id='block_1_4' title="bbox 775 3780 2058 3851">
    <p class='ocr_par' dir='ltr' id='par_1_8' title="bbox 775 3780 2058 3851">
     <span class='ocr_line' id='line_1_34' title="bbox 775 3780 2058 3851; baseline -0.002 -18"><span class='ocrx_word' id='word_1_261' title='bbox 775 3782 862 3833; x_wconf 82' lang='lat' dir='ltr'>Cf.</span> <span class='ocrx_word' id='word_1_262' title='bbox 884 3780 908 3815; x_wconf 81' lang='lat'>¹</span> <span class='ocrx_word' id='word_1_263' title='bbox 933 3783 1130 3851; x_wconf 75' lang='lat' dir='ltr'>invite,</span> <span class='ocrx_word' id='word_1_264' title='bbox 1154 3799 1207 3849; x_wconf 91' lang='lat' dir='ltr'>p.</span> <span class='ocrx_word' id='word_1_265' title='bbox 1237 3795 1312 3841; x_wconf 90' lang='lat'>12,</span> <span class='ocrx_word' id='word_1_266' title='bbox 1336 3783 1370 3831; x_wconf 91' lang='lat'>1.</span> <span class='ocrx_word' id='word_1_267' title='bbox 1394 3780 1564 3848; x_wconf 73' lang='grc'>9.--2</span> <span class='ocrx_word' id='word_1_268' title='bbox 1586 3782 1844 3848; x_wconf 68' lang='lat' dir='ltr'>evocetis,</span> <span class='ocrx_word' id='word_1_269' title='bbox 1869 3781 1950 3842; x_wconf 91' lang='lat'>88,</span> <span class='ocrx_word' id='word_1_270' title='bbox 1979 3782 2058 3834; x_wconf 89' lang='lat'>28.</span> 
     </span>
    </p>
   </div>
   <div class='ocr_carea' id='block_1_5' title="bbox 2501 1617 2560 1653">
    <p class='ocr_par' dir='ltr' id='par_1_9' title="bbox 2501 1617 2560 1653">
     <span class='ocr_line' id='line_1_35' title="bbox 2501 1617 2560 1653; baseline 0.051 -3"><span class='ocrx_word' id='word_1_271' title='bbox 2501 1617 2560 1653; x_wconf 89' lang='lat'>10</span> 
     </span>
    </p>
   </div>
   <div class='ocr_carea' id='block_1_6' title="bbox 2500 2117 2552 2169">
    <p class='ocr_par' dir='ltr' id='par_1_10' title="bbox 2500 2117 2552 2169">
     <span class='ocr_line' id='line_1_36' title="bbox 2500 2117 2552 2169; baseline 0 0"><span class='ocrx_word' id='word_1_272' title='bbox 2500 2117 2552 2169; x_wconf 85' lang='lat'>¹5</span> 
     </span>
    </p>
   </div>
   <div class='ocr_carea' id='block_1_7' title="bbox 2497 2768 2559 2804">
    <p class='ocr_par' dir='ltr' id='par_1_11' title="bbox 2497 2768 2559 2804">
     <span class='ocr_line' id='line_1_37' title="bbox 2497 2768 2559 2804; baseline 0.016 -1"><span class='ocrx_word' id='word_1_273' title='bbox 2497 2768 2559 2804; x_wconf 88' lang='lat'>20</span> 
     </span>
    </p>
   </div>
   <div class='ocr_carea' id='block_1_8' title="bbox 2497 3269 2558 3323">
    <p class='ocr_par' dir='ltr' id='par_1_12' title="bbox 2497 3269 2558 3323">
     <span class='ocr_line' id='line_1_38' title="bbox 2497 3269 2558 3323; baseline 0 0"><span class='ocrx_word' id='word_1_274' title='bbox 2497 3269 2558 3323; x_wconf 85' lang='lat'>25</span> 
     </span>
    </p>
   </div>
  </div>
 </body>
</html>
