2819 4297
376 296 465 376 84
1114 288 1246 355 The
1298 288 1518 355 Gallie
1561 287 1729 356 War.
2241 296 2473 369 [Carsu

374 497 626 567 propter
666 484 1050 546 altitudinem
1107 484 1291 543 facile
1352 484 1542 543 tolum
1603 483 1968 561 adigobatur
2006 492 2069 544 et
2125 484 2341 544 eadem
2391 484 2469 544 do

376 596 566 648 causa
616 587 817 645 minus
862 585 1186 645 commodo
1241 585 1483 661 copulis
1528 584 2022 644 continebantur.
2114 585 2470 646 Accodobat

377 699 460 762 ut,
495 707 634 748 cum
681 695 916 746 saevire
961 695 1182 745 ventus
1226 684 1537 762 coepisset
1581 695 1643 745 et
1686 692 1753 744 so
1798 692 1986 745 vento
2030 685 2366 759 dedissent,
2408 695 2471 745 et

376 797 810 865 tempestatem
854 787 1086 846 ferrent
1127 786 1371 845 facilius
1417 795 1480 845 et
1523 785 1585 845 in
1617 786 1793 845 vadis
1838 785 2250 845 consisterent
2279 785 2470 846 tutius

318 906 344 960 5
380 899 443 950 et
487 890 567 949 ab
611 898 786 948 aestu
828 887 1079 946 relictae
1125 886 1277 944 nihil
1323 905 1474 945 saxa
1518 895 1581 946 et
1638 894 1798 963 cotis
1841 887 2163 960 timorent3
2212 895 2468 964 quarum

380 998 578 1050 rorum
602 989 873 1049 omnium
907 997 1132 1049 nostris
1164 987 1424 1047 navibus
1455 995 1636 1047 casus
1666 996 1798 1046 erat
1827 987 2342 1048 extimoscenduS.

547 1157 650 1197 The
677 1155 858 1197 Battle.
916 1155 1046 1195 How
1081 1153 1165 1195 the
1202 1154 1420 1194 Romans
1455 1153 1727 1194 Overcame
1751 1153 1880 1195 their
1907 1153 2319 1205 Disadvantages.

466 1301 559 1350 14.
622 1290 1057 1369 Compluribus
1089 1299 1452 1367 expugnatis
1483 1289 1729 1366 oppidis
1763 1291 2009 1363 Caesar,
2037 1290 2141 1348 ubi
2173 1289 2473 1349 intellexit

381 1395 608 1454 frustra
638 1402 875 1453 tantum
920 1392 1195 1451 laborem
1242 1388 1416 1463 ssimi,
1464 1409 1668 1467 neque
1711 1390 1981 1452 hostium
2024 1391 2233 1468 fugam
2275 1399 2473 1468 captis

384 1494 629 1571 oppidis
676 1493 921 1570 reprimi
981 1510 1182 1568 neque
1228 1500 1317 1550 eis
1365 1497 1573 1550 nocori
1617 1511 1821 1568 posse,
1856 1490 2073 1550 statuit
2116 1501 2473 1568 exspectan-

295 1617 349 1651 ιο
386 1596 529 1655 dam
559 1589 866 1654 classem.l
953 1593 1130 1667 Quae
1176 1590 1281 1651 ubi
1326 1592 1633 1663 convenit,
1659 1611 1734 1651 ac
1774 1601 2036 1669 primum
2082 1593 2159 1651 ab
2190 1592 2473 1653 hostibus

384 1705 518 1756 visa
580 1704 691 1767 est,
740 1694 980 1753 circiter
1054 1710 1224 1752 ccxx
1296 1700 1489 1751 navos
1548 1700 1759 1751 eorum
1805 1692 2232 1768 paratissimae
2290 1701 2474 1769 atque

386 1804 556 1855 omni
584 1813 809 1873 genere
855 1800 1160 1852 armorum
1215 1793 1643 1853 ornatissimae
1683 1793 1997 1871 profectae
2028 1813 2103 1853 ex
2132 1802 2311 1871 portu
2342 1811 2476 1863 nos-

386 1905 497 1955 tris
541 1895 839 1954 adversae
898 1895 1348 1966 constiterunt3
1398 1913 1603 1970 neque
1664 1895 1814 1954 satis
1877 1897 2080 1966 Broto,
2130 1902 2235 1970 qui
2292 1893 2477 1952 classi

386 2005 681 2074 praeerat,
715 1994 810 2055 vel
853 1994 1116 2054 tribonis
1162 1993 1423 2053 militum
1461 1994 2068 2071 centurionibusque,
2104 1994 2328 2071 quibus
2361 1994 2478 2051 sin-

292 2116 349 2170 15
385 2098 565 2176 gulae
611 2103 799 2156 navos
845 2105 1019 2155 erant
1071 2095 1418 2168 attributae,
1466 2097 1793 2156 constabat
1853 2095 2002 2174 quid
2060 2104 2315 2173 agerent
2374 2102 2478 2172 aut

387 2218 572 2275 quam
631 2197 934 2257 rationem
993 2207 1236 2274 pugnae
1296 2196 1669 2256 insisterent.
1761 2199 1989 2277 Rostro
2048 2196 2213 2255 enim
2271 2203 2479 2255 noceri

387 2308 513 2358 non
544 2318 728 2375 posse
759 2305 1180 2375 cognoverant
1207 2321 1220 2369 3
1269 2296 1538 2357 turribus
1582 2308 1785 2357 autem
1816 2297 2096 2356 excitatis
2128 2307 2334 2356 tamen
2366 2297 2478 2355 has

389 2400 650 2460 altitodo
675 2398 970 2476 puppium
1019 2418 1096 2457 ex
1139 2398 1419 2457 barbaris
1466 2399 1727 2457 navibus
1788 2398 2120 2473 superabat
2180 2406 2246 2456 ut
2276 2415 2478 2473 neque

387 2519 463 2560 ex
505 2500 791 2559 inferiore
840 2500 977 2559 loco
1010 2500 1159 2559 satis
1202 2499 1525 2558 commodo
1566 2498 1690 2556 tola
1720 2497 1884 2575 adigi
1913 2507 2168 2575 possent
2199 2506 2261 2556 et
2292 2497 2480 2555 missa

290 2618 352 2653 20
388 2609 425 2660 a
457 2601 654 2670 Gallis
685 2599 931 2677 gravius
964 2600 1335 2659 acciderent.
1425 2585 1569 2658 Una
1601 2608 1731 2657 erat
1761 2606 1984 2675 magno
2017 2607 2152 2657 osui
2182 2605 2280 2656 ros
2309 2617 2480 2674 prae·

387 2710 601 2778 parata
645 2710 682 2760 a
727 2701 1286 2773 nostriS,——falcos
1336 2698 1737 2778 praeacutae²
1787 2708 2052 2758 insertae
2114 2700 2479 2775 adfixaeque

388 2802 684 2878 longuriis
730 2809 855 2861 non
909 2802 1176 2862 absimili
1214 2802 1414 2860 forma
1459 2800 1774 2859 muralium
1818 2799 2086 2859 falcium.
2178 2801 2299 2858 His
2340 2817 2477 2859 cum

384 2903 568 2960 fimes
627 2910 734 2979 qui
792 2911 1113 2962 antemnas
1185 2902 1266 2961 ad
1324 2902 1522 2961 malos
1596 2900 1991 2960 dostinabant
2048 2901 2479 2976 comprehonsi

389 3002 764 3080 adductique
809 3013 999 3077 erant,
1033 3002 1279 3080 navigio
1337 3010 1523 3061 romis
1582 3001 1839 3061 incitato
1871 3000 2475 3077 praerumpebantur.

291 3118 353 3171 25
392 3103 635 3178 Quibus
667 3104 928 3163 abscisis
975 3113 1301 3163 antemnae
1339 3103 1691 3163 necessario
1723 3102 2177 3173 concidobant3
2223 3110 2305 3173 ut,
2340 3118 2477 3159 cum

388 3204 588 3264 omnis
620 3204 877 3264 Gallicis
910 3204 1172 3263 navibus
1204 3211 1349 3280 spos
1394 3203 1459 3262 in
1489 3204 1642 3262 velis
1688 3210 2204 3278 armamentisque
2250 3200 2480 3261 consis-

387 3313 561 3377 teret,
595 3306 691 3364 his
737 3302 998 3381 oreptis⁸
1040 3304 1239 3363 omnis
1285 3314 1433 3363 fisus
1478 3303 1722 3363 navium
1769 3310 1891 3363 uno
1921 3312 2195 3378 tempore
2227 3302 2482 3378 eripero-

389 3414 502 3466 tur.
544 3479 547 3482 .
594 3405 925 3481 Reliquum
956 3414 1086 3463 erat
1117 3413 1424 3463 certamen
1457 3402 1724 3480 positum
1767 3403 1830 3461 in
1860 3403 2100 3475 virtute,
2135 3411 2256 3478 qua
2287 3409 2478 3461 nostri

390 3505 613 3565 militos
643 3504 826 3564 facile
859 3505 1235 3581 superabant
1276 3514 1463 3581 atque
1496 3512 1571 3564 eo
1602 3505 1815 3582 magiS,
1852 3503 2018 3580 quod
2050 3502 2113 3561 in
2143 3511 2480 3578 conspecto

291 3620 353 3672 30
391 3606 678 3666 Caesaris
723 3614 908 3682 atque
966 3604 1167 3663 omnis
1227 3604 1532 3664 exercitus
1592 3612 1688 3663 ros
1746 3606 2087 3682 gerobatur,
2137 3613 2203 3662 ut
2249 3603 2480 3662 nullum

546 3806 631 3856 cf.
655 3804 676 3839 1
700 3806 884 3872 classi,
911 3822 959 3870 p.
985 3806 1066 3864 82,
1089 3805 1123 3853 1-
1148 3805 1195 3854 8·
1214 3835 1281 3842 —
1296 3804 1319 3838 2
1344 3808 1684 3871 praeacfitas,
1712 3818 1793 3866 70,
1815 3819 1859 3869 3·
1874 3833 1941 3842 —
1958 3804 1982 3837 ⁸
2005 3804 2163 3870 eripi,
2190 3818 2270 3870 39,
2296 3818 2341 3853 2·
