2819 4297
302 266 360 316 Β.
387 267 451 315 G.
480 267 544 316 V.
573 265 678 332 33·]
817 253 1019 317 Freslc
1064 254 1350 339 Risings
1397 257 1479 339 of
1512 256 1620 319 tlte
1671 255 1900 320 Gauls.
2264 274 2390 340 139

298 445 703 520 demisisset)
731 467 807 506 ex
847 456 1103 525 utraque
1144 457 1319 525 parte
1361 448 1495 508 eius
1526 449 1702 509 vallis
1734 449 1939 509 subito
1969 447 2076 510 ’se
2106 449 2389 510 ostende-

298 559 445 608 runt
474 547 965 624 novissimosque
1010 566 1285 624 premere
1331 558 1394 608 et
1440 557 1672 626 primos
1715 550 2039 626 prohibere
2086 550 2391 609 adscensu

300 658 491 726 atque
542 643 975 724 iniquissim6⁸
1016 656 1246 708 nostris
1298 648 1436 709 loco
1487 649 1787 727 proelium
1831 649 2214 733 committere
2258 668 2390 709 coe-

302 756 547 826 perunt.

306 917 520 961 Sabinus
547 917 706 959 Loses
733 918 811 959 his
840 917 1271 970 Seli-possession.
1339 917 1487 960 Cotta
1513 918 1642 960 Does
1670 918 1851 971 Nobly,
1878 919 1966 961 but
1993 920 2165 961 Makes
2192 930 2222 960 a
2248 919 2390 962 Fata!

1165 985 1393 1026 Mistake.

387 1099 483 1155 3‘3.
542 1098 702 1157 Tum
733 1097 979 1157 demum
1010 1096 1301 1170 Titurius,
1335 1106 1439 1173 qui
1481 1097 1632 1156 nihil
1674 1107 1815 1157 ante
1860 1097 2246 1176 providisset,
2278 1108 2390 1158 tre·
2459 1115 2490 1172 5

303 1197 520 1274 pidare
572 1206 634 1256 et
682 1206 1050 1257 concursare
1109 1198 1502 1274 cohortisque
1552 1196 1929 1274 disponere‚⁴
1978 1197 2147 1258 haec
2182 1207 2391 1257 tamen

304 1297 444 1374 ipsa
488 1296 701 1356 timide
745 1307 931 1374 atque
973 1307 1041 1356 ut
1080 1317 1219 1357 eum
1261 1298 1469 1357 omnia
1501 1298 1764 1357 deficere
1797 1298 2177 1371 viderentur3
2223 1297 2391 1374 quod

304 1397 670 1474 plerumque
728 1406 819 1457 eis
877 1395 1199 1458 accidere⁶
1248 1398 1571 1459 consuevit
1630 1407 1733 1475 qui
1793 1397 1855 1457 in
1907 1398 2043 1475 ipso
2101 1393 2394 1476 negoti6⁸

746 2657 844 2698 F1c..
868 2650 928 2708 73⁴.
944 2679 995 2685 —
1011 2657 1219 2697 Ηοιιοιν
1247 2657 1439 2705 squatum
1464 2658 1641 2707 (agmen
1659 2656 1960 2709 quadratum).

306 2826 636 2886 consilium
684 2844 904 2902 capere
951 2834 1267 2903 coguntur.
1356 2828 1442 2886 At
1490 2828 1693 2899 Cotta,
1727 2835 1833 2901 qui
1873 2825 2204 2903 cogitasset
2242 2825 2398 2886 haec

306 2945 495 3004 posse
528 2926 590 2984 in
623 2926 838 2986 itinere
884 2926 1165 2985 accidere
1210 2937 1396 3003 atque
1430 2926 1510 2984 ob
1542 2945 1676 2984 eam
1708 2945 1956 2984 causam
1997 2925 2398 3002 profectionis
2438 2947 2497 2983 10

307 3035 525 3085 auctor
556 3034 683 3086 non
711 3026 952 3100 fuisset,
985 3027 1155 3085 nulla
1187 3027 1248 3085 in
1281 3033 1345 3085 re
1388 3035 1695 3085 communi
1741 3025 1920 3084 saluti
1965 3026 2192 3098 deerat,
2227 3035 2288 3084 et
2334 3025 2396 3084 in

308 3125 700 3203 appellandis
724 3127 1243 3203 cohortandisque
1267 3126 1564 3186 militibus
1594 3126 1978 3202 imperatbris
2009 3136 2070 3185 et
2099 3125 2161 3183 in
2193 3134 2398 3203 pugna

310 3226 525 3285 militis
568 3226 806 3287 officia⁷
848 3227 1220 3306 praestabat.
1311 3228 1469 3286 Cum
1512 3236 1760 3303 propter
1804 3226 2248 3304 longitudinem
2300 3244 2396 3303 ag-

310 3327 499 3386 minis
544 3335 667 3387 non
719 3328 902 3389 facile
950 3348 1059 3405 per
1101 3335 1168 3387 se
1200 3327 1407 3387 omnia
1452 3328 1622 3386 obire
1667 3337 1728 3386 et
1773 3326 1923 3403 quid
1968 3334 2216 3403 qudque
2259 3325 2397 3385 loco

308 3424 706 3488 faciendum⁸
746 3439 912 3490 esset
963 3428 1286 3506 providere
1333 3437 1606 3504 possent,
1655 3426 1966 3486 iusserunt
2012 3426 2393 3504 pronflntiari
2433 3447 2492 3499 15

310 3537 381 3588 ut
424 3527 866 3606 impedimenta
911 3529 1327 3605 relinquerent
1372 3537 1558 3603 atque
1604 3525 1666 3583 in
1713 3527 1922 3586 orbem
1967 3527 2395 3586 consisterent.

399 3694 481 3744 Cf.
506 3693 527 3728 1
551 3696 977 3750 descendissent.
993 3725 1058 3733 —
1076 3694 1099 3728 2
1124 3695 1472 3748 exstiterunt.
1499 3721 1567 3729 —
1588 3691 1610 3725 ⁸
1632 3693 1987 3745 alienissimo.
2009 3721 2076 3729 —
2096 3692 2118 3725 ⁴
2142 3692 2404 3745 distribu-

309 3792 417 3831 ere.
436 3806 505 3815 —
519 3777 542 3811 ⁵
564 3780 796 3831 evenire.
821 3807 890 3815 —
909 3779 932 3813 ⁶
954 3780 1286 3831 discrimine.
1307 3806 1374 3814 —-
1389 3775 1409 3810 ⁷
1436 3778 1677 3828 miinera.
1696 3804 1765 3812 —
1780 3775 1800 3809 ⁸
1824 3777 2111 3840 agendum.
