2819 4297
305 1063 331 1116 5

278 1755 335 1789 10

280 2397 338 2449 Ῑ5

281 3102 342 3137 20

363 283 409 348 4
834 338 842 346 ‚
1117 267 1249 332 The
1297 258 1514 331 Gallie
1557 268 1724 332 War.
2224 277 2453 344 [CAESAR

364 459 587 517 firmat.
679 461 819 518 Hac
850 459 1128 519 oratione
1153 460 1404 519 adducti
1437 460 1595 518 inter
1627 467 1694 518 se
1725 460 1910 518 fidem
1942 468 2005 518 et
2035 457 2456 518 iusiurandum

366 559 535 631 dant,
570 568 632 618 et
661 566 852 636 regno
883 568 1190 636 occupato
1211 557 1229 591 ¹
1261 572 1376 637 per
1415 568 1539 619 tres
1576 559 2043 637 potentissimos
2080 578 2154 618 ac
2183 556 2455 616 firmissi-

366 667 501 720 mos
532 660 796 737 populos
826 666 1015 720 totius
1047 660 1286 720 Galliae
1319 667 1456 727 sese
1488 669 1670 739 potiri
1689 659 1711 692 ²
1740 679 1925 738 posse
1957 666 2226 737 sperant.

1010 820 1268 872 Orgetorix
1287 819 1332 860 is
1351 819 1574 871 Brought
1593 824 1645 860 to
1665 819 1814 860 Trial.

451 956 504 1004 4.
567 951 655 1007 Ea
685 955 782 1007 res
814 959 907 1008 est
940 949 1247 1009 Helvetiis
1278 969 1386 1026 per
1418 949 1715 1008 indicium
1746 948 2081 1033 enuntiata.
2173 945 2453 1006 Moribus

369 1058 495 1108 suis
520 1049 945 1127 Orgetorigem
969 1070 1046 1109 ex
1067 1050 1329 1109 vinculis
1354 1069 1603 1110 causam
1628 1051 1832 1109 dicere
1856 1056 2207 1126 coegerunt.
2275 1048 2453 1104 Dam-

369 1158 580 1209 natum
611 1170 873 1227 poenam
907 1160 1084 1227 sequi
1114 1152 1441 1229 oportebat
1473 1162 1539 1211 ut
1571 1160 1696 1228 igni
1727 1157 2115 1210 cremaretur.

1248 1310 1325 1352 He
1353 1311 1584 1362 Escapea.

454 1439 573 1498 Die
623 1436 1001 1498 constitntass
1044 1458 1270 1498 causae
1316 1438 1607 1497 dictionis
1660 1438 1985 1514 Orgetorix
2037 1437 2116 1496 ad
2167 1436 2455 1496 iudicium

369 1559 613 1598 omnem
659 1559 831 1598 suam
861 1538 1176 1611 familiam,
1213 1538 1292 1597 ad
1337 1538 1653 1596 hominum
1704 1537 1870 1595 milia
1917 1538 2148 1609 decem,
2184 1537 2458 1611 undique

369 1641 588 1716 coegit,
613 1649 675 1698 et
706 1648 904 1698 omnis
935 1639 1177 1698 clientis
1208 1639 1660 1713 obaeratosque
1692 1644 1857 1710 suos,
1880 1645 2138 1713 quorum
2167 1645 2457 1713 magnum

372 1758 688 1798 numerum
741 1739 1026 1810 habebat,
1075 1739 1294 1797 eodem
1343 1737 1675 1810 conduxit3
1739 1756 1849 1814 per
1906 1745 2014 1797 eos
2074 1743 2150 1795 ne
2208 1755 2459 1795 causam

371 1841 603 1899 diceret
635 1846 701 1897 se
733 1838 973 1914 eripuit.

1270 1949 1365 1990 His
1392 1949 1571 1990 Denth.

458 2081 614 2139 Cum
646 2077 861 2138 civitas
892 2079 972 2137 ob
1005 2097 1141 2138 eam
1172 2097 1299 2137 rem
1332 2078 1588 2138 incita-tta
1619 2087 1803 2137 armis
1848 2078 1943 2138 isis
1988 2097 2165 2137 suum
2208 2085 2462 2154 exsequi

373 2189 714 2254 conaretur,
754 2180 1330 2256 multitudinemque
1378 2181 1694 2239 hominum
1741 2200 1816 2239 ex
1860 2191 2022 2258 agris
2067 2166 2462 2257 magistratus
2505 2223 2508 2226 Α

374 2280 706 2359 cogerent,⁴
736 2283 1060 2358 Orgetorix
1105 2291 1383 2340 mortuus
1431 2292 1568 2353 est;
1616 2301 1817 2357 neque
1856 2282 2031 2341 abest
2075 2279 2362 2358 suspicio,
2398 2287 2463 2338 ut

378 2383 650 2461 Helvetii
683 2382 1068 2454 arbitrantur,
1103 2391 1250 2457 quin
1283 2382 1418 2458 ipse
1451 2382 1569 2440 sibi
1601 2391 1856 2440 mortem
1889 2381 2274 2440 consciverit.

848 2539 957 2582 stin
986 2539 1069 2580 the
1099 2535 1317 2580 Helvetii
1346 2540 1535 2581 Pet-cist
1563 2540 1612 2580 in
1640 2539 1725 2580 the
1751 2541 1990 2602 Attempt.

460 2680 511 2726 5.
576 2671 722 2728 Post
755 2668 887 2727 eius
925 2669 1406 2731 mortemnihilo
1455 2668 1657 2726 minus
1693 2667 1963 2726 Helvetii
2010 2667 2072 2725 id
2117 2666 2282 2743 quod
2326 2673 2467 2725 con-

378 2772 702 2830 stituerant
740 2770 944 2828 facere
987 2768 1333 2840 conantur?
1370 2779 1436 2828 ut
1475 2777 1507 2828 ἓ
1549 2769 1782 2827 finibus
1822 2777 1949 2827 suis
1990 2764 2255 2827 exeant.⁶
2339 2766 2465 2826 Ubi

380 2872 497 2930 iam
531 2879 596 2930 se
628 2872 708 2930 ad
738 2890 871 2929 eam
915 2881 1042 2929 rem
1088 2878 1335 2947 paratos
1380 2890 1517 2929 esse
1565 2869 1844 2929 arbitrati
1888 2879 2031 2980 ⁵3¹3
2082 2868 2310 2945 oppida
2357 2887 2466 2927 sua

380 2972 601 3043 omnia,
638 2978 892 3031 numero
919 2971 997 3031 ad
1023 2971 1367 3041 duodecim,
1396 2979 1567 3030 vicos
1593 2970 1671 3029 ad
1702 2915 2205 3047 quadringe'ktos,
2233 2970 2469 3045 reliqua

380 3082 616 3150 privata
647 3072 927 3131 aedificia
958 3071 1328 3143 incendunt;
1376 3068 1784 3130 frumentum⁷
1813 3090 2010 3142 omne,
2037 3081 2279 3147 praeter
2303 3070 2470 3146 quod

381 3181 588 3232 secum
649 3180 946 3248 portaturi
999 3181 1188 3243 erant,
1240 3173 1620 3243 comburunt,
1670 3182 1834 3231 ut—
1858 3172 2105 3230 domum
2151 3170 2470 3230 reditionis

381 3281 491 3349 spe
524 3273 766 3331 sublata
786 3309 866 3315 —
888 3272 1225 3348 paratiores
1245 3274 1323 3330 ad
1354 3272 1561 3331 omnia
1585 3271 1856 3348 pericula
1881 3272 2204 3331 subeunda
2228 3279 2470 3343 essent3

379 3374 559 3432 trium
621 3373 922 3431 mensium
976 3372 1184 3431 molita
1229 3372 1463 3430 cibaria
1507 3371 1626 3429 sibi
1674 3391 1981 3448 quemque
2026 3373 2212 3431 domo
2256 3371 2472 3429 efferre

381 3473 614 3533 iubent.

466 3606 550 3656 Cf.
575 3605 593 3639 1
618 3608 920 3670 occuparet,
946 3621 997 3668 p.
1031 3620 1079 3669 3,
1109 3604 1248 3668 l.·19.
1268 3603 1374 3641 —2
1397 3606 1583 3670 potiri,
1609 3620 1651 3662 2,
1678 3605 1751 3653 16.
1769 3604 1875 3641 —3
1899 3605 2317 3668 constituerunt,
2354 3618 2398 3668 3,
2429 3617 2473 3664 7.

380 3690 483 3726 —4
508 3691 704 3755 coegit,
732 3691 763 3737 l.
789 3688 959 3753 9.—⁵
987 3690 1286 3754 conaretur,
1323 3688 1355 3737 1.
1388 3703 1462 3753 13.
1482 3689 1586 3724 -ὓ
1619 3689 1848 3753 exirent,
1885 3704 1928 3747 2,
1971 3687 2165 3750 ¹4·—⁷
2191 3687 2472 3753 frumenti,

381 3788 429 3840 3,
466 3788 539 3824 10.
