2819 4297
389 253 474 317 82
1137 250 1272 317 The
1318 249 1538 316 Gallie
1578 251 1749 315 War.
2244 255 2483 330 [cmm

387 443 629 518 bantur,
676 453 731 504 si
773 463 884 522 per
926 444 1048 504 vim
1093 444 1354 504 navibus
1397 444 1626 502 flamen
1677 451 1937 502 transire
1981 449 2300 514 conentur,
2346 461 2482 520 pro-

389 544 619 604 hibeat.
734 546 801 605 P.
863 547 1156 605 Crassum
1216 564 1356 604 curn
1429 543 1786 605 cohortibus
1843 541 2199 620 legionariis
2249 559 2358 604 ΧΗ
2416 551 2483 602 et

390 653 616 722 magno
646 653 902 705 numero
946 645 1258 722 equitatus
1305 644 1367 703 in
1402 644 1804 722 Aquitaniam
1843 643 2154 721 proficisci
2183 643 2370 717 iubet,
2402 650 2484 703 ne

392 763 469 803 ex
511 744 608 803 his
654 744 1008 805 nationibus
1053 744 1282 804 auxilia
1338 744 1400 803 in
1448 745 1716 805 Galliam
1770 745 2094 803 mittantur
2147 763 2223 804 ac
2273 753 2483 804 tantae

330 858 358 912 5
393 844 675 904 nationes
733 845 1204 922 coniungantur.
1321 846 1398 920 Q.
1486 844 1795 904 Titfirium
1855 844 2153 904 Sabinum
2212 845 2481 922 legatum

328 952 331 957 '
393 963 532 1004 cum
563 944 913 1022 legionibus
942 946 1136 1005 tribus
1168 945 1231 1005 in
1263 945 1579 1017 Venellos,
1616 943 2021 1005 Coriosolitas
2053 944 2484 1021 Lexoviosque

393 1043 596 1118 mittit,
645 1053 752 1122 qui
808 1063 944 1104 eam
988 1064 1238 1104 manum
1296 1041 1748 1105 distinendam1
1812 1053 1999 1104 caret.
2089 1046 2166 1104 D.
2229 1047 2481 1104 Brutum

393 1144 854 1206 adulescentem
884 1145 1070 1205 classi
1100 1145 1483 1222 Gallicisque
1516 1145 1794 1217 navibus,
1827 1153 1982 1220 quas
2013 1164 2088 1204 ex
2119 1144 2483 1204 Pictonibus

394 1254 457 1305 et
488 1247 778 1305 Santonis
797 1245 1175 1323 reliquisque
1195 1254 1435 1322 pacatis
1458 1244 1818 1322 regionibus
1840 1253 2170 1304 convenire
2200 1244 2481 1318 iusserat,

298 1360 359 1396 10
393 1346 688 1422 praeficit,
720 1356 782 1406 et
817 1365 956 1406 cum
992 1355 1251 1423 primum
1297 1345 1496 1423 possit
1533 1345 1596 1404 in
1627 1347 1906 1405 Venetos
1935 1344 2243 1422 proficisci
2293 1345 2480 1405 iubet.

395 1448 542 1522 Ipse
572 1454 647 1508 eo
676 1446 1073 1524 pedestribus
1105 1446 1302 1523 copiis
1334 1445 1672 1507 contendit.

835 1596 1079 1637 SItuation
1107 1595 1159 1637 of
1184 1595 1270 1637 the
1297 1594 1624 1646 strongholds
1651 1595 1703 1636 of
1726 1594 1813 1636 the
1838 1594 2032 1637 Veneti.

478 1723 576 1772 12.
638 1716 828 1773 Erant
872 1714 1003 1773 eius
1048 1714 1215 1773 modi
1257 1715 1387 1773 fere
1433 1713 1588 1772 situs
1634 1712 2003 1790 oppidorum
2051 1723 2118 1772 ut
2165 1713 2369 1790 posita
2421 1713 2483 1773 in

394 1821 682 1874 extremis
740 1814 988 1892 lingulis
1046 1813 1608 1891 promunturiisque
1666 1832 1868 1890 neque
1924 1814 2191 1891 pedibus
2250 1813 2484 1887 aditum

393 1915 712 1988 haberent,
745 1926 884 1973 cum
944 1933 1019 1973 ex
1076 1914 1201 1974 alto
1260 1921 1326 1973 se
1385 1923 1594 1974 aestus
1652 1912 2035 1974 incitavisset
2089 1913 2284 1993 (quod
2318 1913 2481 1994 [bis]

298 2027 357 2082 15
394 2015 619 2075 accidit
663 2033 906 2091 semper
947 2014 1236 2074 horarum
1282 2032 1375 2072 ΧΗ
1426 2014 1674 2090 spatio),
1733 2033 1939 2091 neque
1985 2013 2267 2086 navibuS,
2317 2014 2484 2090 quod

391 2125 602 2176 riirsus
647 2111 996 2188 minuente²
1024 2123 1200 2175 aestu
1246 2120 1438 2174 naves
1487 2114 1549 2173 in
1595 2114 1772 2174 vadis
1820 2113 2295 2175 adflictarentur.
2386 2116 2486 2173 Ita

393 2225 654 2294 utraque
722 2223 786 2276 re
845 2215 1215 2293 oppidorum
1274 2214 1655 2298 oppugnatio
1728 2213 2211 2291 impediebatur3
2284 2233 2361 2273 ac
2432 2223 2486 2274 si

393 2317 643 2394 quando
666 2316 1174 2393 -magnitudine
1218 2314 1424 2393 operis
1468 2315 1629 2374 forte
1688 2322 1977 2390 superati,
2026 2322 2272 2374 extruso
2330 2324 2485 2373 mari

392 2436 616 2495 aggere
659 2437 733 2477 ac
777 2416 1044 2476 molibus
1076 2425 1261 2493 atque
1293 2416 1390 2475 his
1420 2414 1634 2492 oppidi
1664 2413 1989 2473 moenibus
2021 2414 2382 2490 adaequatis
2401 2451 2486 2459 —

294 2538 357 2574 20
392 2518 720 2594 desperare
766 2517 1031 2576 fortfinis
1082 2525 1211 2575 suis
1242 2524 1609 2592 coeperant,
1647 2522 1871 2591 magno
1928 2522 2185 2574 numero
2236 2514 2483 2574 navium

392 2618 672 2694 adpulso,
702 2617 878 2677 caius
909 2625 998 2675 rei
1029 2636 1328 2676 summam
1357 2616 1717 2675 facultatem
1757 2614 2091 2688 habebant,
2127 2633 2239 2673 sua
2270 2616 2485 2692 depor-

389 2719 610 2779 tabant
638 2717 846 2778 omnia
877 2724 1068 2795 seque
1112 2718 1174 2776 in
1219 2716 1496 2794 proxima
1539 2716 1770 2793 oppida
1814 2714 2240 2792 recipiebant3
2285 2714 2371 2774 ibi
2416 2722 2483 2774 se

389 2829 599 2879 rursus
643 2819 839 2878 isdem
886 2817 1446 2895 opportanitatibus
1490 2817 1614 2875 loci
1658 2815 2096 2875 defendebant.
2190 2816 2369 2874 Haec
2406 2822 2483 2874 eo

387 2919 634 2980 facilius
679 2928 966 2996 magnam
1023 2927 1260 2995 partem
1318 2917 1572 2977 aestatis
1629 2916 1963 2989 faciebant,
2011 2916 2178 2993 quod
2236 2924 2482 2974 nostrae

295 3040 354 3093 25
390 3028 582 3081 naves
639 3019 1115 3098 tempestatibus
1174 3018 1613 3078 detinebantur
1693 3035 2057 3093 summaque
2116 3025 2247 3075 erat
2302 3023 2483 3076 vasto

391 3131 576 3198 atque
624 3129 838 3198 aperto
881 3128 1052 3192 mari,
1103 3128 1342 3196 magnis
1391 3117 1684 3191 aestibus,
1733 3125 1887 3177 raris
1933 3135 2008 3177 ac
2056 3134 2251 3194 prope
2298 3115 2483 3174 nullis

388 3222 690 3299 portibuS,
724 3222 1053 3282 difficultas
1083 3221 1432 3298 navigandi.

467 3335 777 3422 Description
815 3369 866 3410 of
892 3368 1020 3410 their
1048 3368 1210 3420 Ships.
1265 3368 1585 3419 compat-ison
1605 3368 1730 3409 with
1757 3368 1902 3409 those
1937 3366 1989 3408 of
2022 3366 2108 3408 the
2145 3366 2380 3407 Romans.

473 3499 569 3548 13.
630 3491 917 3566 Namque
948 3487 1219 3565 ipsorum
1250 3493 1441 3545 naves
1472 3488 1551 3546 ad
1580 3486 1746 3545 hunc
1775 3486 2026 3545 modum
2055 3485 2261 3545 factae
2293 3493 2480 3544 arma·

389 3599 614 3668 taeque
645 3599 849 3650 erant:
898 3597 1143 3648 carinae
1189 3587 1507 3664 aliquanto
1549 3586 1860 3663 planiores
1906 3606 2092 3665 quam
2131 3593 2482 3646 nostrarum

687 3767 773 3819 cf.
796 3765 818 3801 1
841 3765 1112 3828 distineri,
1137 3781 1189 3830 p.
1218 3776 1293 3830 52,
1318 3763 1351 3812 l.
1382 3776 1535 3811 12.—
1553 3761 1576 3794 ²
1598 3763 1968 3831 minuendam,
1999 3776 2075 3827 17,
2102 3776 2179 3832 23·
