2819 4297
466 284 554 364 76
1206 283 1266 344 T
1257 284 1338 346 lte
1391 283 1611 346 Gallie
1654 284 1826 348 War.
2323 295 2556 361 [CAEsAx

466 475 634 553 quod
682 483 827 536 sues
872 475 950 535 ab
996 483 1062 535 se
1109 477 1334 535 liberes
1384 475 1728 536 abstractes
1772 477 2057 535 obsidum
2103 475 2354 536 nemine
2393 477 2556 537 dole·

464 573 664 647 bant,¹
692 585 754 634 et
786 578 1104 636 Remanes
1136 584 1256 636 nen
1292 577 1490 635 selum
1533 576 1816 636 itinerum
1854 586 2041 636 causa
2071 577 2182 636 sed
2213 577 2398 636 etiam
2427 597 2556 654 per-

463 684 689 753 petuae
734 676 1149 752 possessienis
1196 676 1465 734 culmina
1512 676 1760 751 Alpium
1804 685 2103 753 occupare
2136 685 2346 736 ceneri
2377 687 2438 737 et
2481 697 2555 737 ea

465 777 603 834 loca
646 774 949 834 finitimae
997 775 1355 852 previnciae
1412 775 1746 852 adiungere
1805 775 1923 834 sibi
1968 786 2329 853 persuasum
2373 778 2553 837 habe-

403 897 430 952 5
465 876 636 935 bant.

642 1006 798 1050 Galba
826 1008 958 1049 Galle
986 1020 1015 1049 a
1044 1007 1260 1049 Council.
1318 1007 1394 1048 He
1421 1008 1526 1048 will
1554 1008 1746 1067 Defend
1772 1008 1856 1050 the
1884 1009 2053 1059 camp,
2081 1009 2120 1050 if
2149 1010 2386 1051 possible.

550 1119 604 1169 3.
635 1177 639 1182 ,
668 1112 788 1168 His
810 1111 1039 1170 nuntiis
1059 1119 1332 1186 acceptis
1356 1111 1577 1183 Galba,
1600 1129 1739 1168 cum
1760 1129 1960 1186 neque
1979 1130 2137 1187 opus
2158 1110 2555 1172 hibernerum

467 1211 963 1286 munitienesque
1009 1211 1190 1287 plene
1249 1220 1459 1269 essent
1503 1210 1815 1287 perfectae
1861 1229 2061 1287 neque
2119 1212 2197 1270 de
2246 1212 2555 1273 frumente

467 1312 827 1388 reliqueque
868 1320 1214 1370 commeatu
1257 1312 1407 1370 satis
1453 1321 1618 1370 esset
1662 1319 1990 1388 previsum,
2026 1312 2194 1387 quod
2238 1312 2553 1373 deditiene

466 1413 633 1471 facta
663 1411 1111 1488 obsidibusque
1143 1421 1414 1492 acceptis
1460 1411 1610 1470 nihil
1655 1410 1732 1470 de
1776 1412 1941 1473 belle
1984 1411 2323 1472 timendum
2353 1414 2556 1473 existi·

375 1532 434 1566 10
470 1521 758 1583 maverat,
807 1512 1066 1571 censilie
1111 1511 1388 1571 celeriter
1447 1520 1788 1573 convocate
1846 1514 2185 1572 sententias
2236 1523 2553 1590 exquirere

468 1611 691 1688 coepit.
779 1612 921 1685 Que
973 1612 1035 1670 in
1088 1612 1365 1684 censilie,
1424 1631 1561 1671 cum
1613 1621 1852 1672 tanturn
1905 1609 2253 1689 repentini²
2299 1615 2554 1690 periculi

469 1721 712 1788 praeter
755 1711 1111 1788 opinienem
1157 1712 1500 1785 accidisset,
1535 1732 1608 1771 ac
1653 1712 1770 1770 iam
1817 1713 2024 1772 omnia
2066 1714 2196 1772 fere
2240 1715 2555 1791 superiera

468 1813 605 1871 loca
634 1811 1021 1871 multitudine
1053 1820 1425 1871 armaterum
1456 1813 1764 1889 completa
1803 1813 2320 1889 censpicerentur,
2352 1834 2554 1892 neque

470 1911 750 1973 subsidie
808 1920 1003 1971 veniri
1076 1932 1278 1988 neque
1337 1922 1714 1972 commeatus
1788 1923 2135 1990 supportari
2206 1915 2555 1975 interclusis

374 2032 431 2085 15
469 2011 793 2071 itineribus
844 2021 1116 2088 possent,
1149 2031 1340 2089 prope
1400 2013 1520 2071 iam
1581 2013 1905 2089 desperata
1956 2014 2151 2073 salute
2182 2023 2305 2075 nen
2352 2016 2555 2074 nullae

469 2113 602 2173 eius
647 2114 812 2172 modi
857 2109 1241 2174 sententiae³
1291 2114 1655 2173 dicebantur
1699 2123 1783 2186 ut,
1828 2113 2285 2192 impedimentis
2330 2116 2556 2176 relictis

469 2214 791 2291 eruptiene
820 2215 1004 2286 facta,
1038 2215 1232 2274 isdem
1265 2214 1587 2273 itineribus
1633 2215 1857 2291 quibus
1897 2223 1973 2276 ee
2012 2217 2440 2293 pervenissent
2477 2219 2556 2277 ad

469 2316 729 2373 salutem
787 2314 1251 2374 contenderent.
1354 2314 1578 2373 Maieri
1649 2324 1856 2373 tamen
1920 2325 2077 2391 parti
2150 2317 2378 2392 placuit
2436 2319 2555 2377 hec

468 2422 779 2474 reservate
810 2414 890 2472 ad
919 2421 1256 2473 extremum
1287 2414 1547 2474 censilie
1592 2413 1829 2473 interim
1863 2424 1949 2474 rei
1979 2422 2264 2476 eventum
2295 2426 2553 2500 experiri

370 2542 433 2577 20
468 2523 530 2574 et
560 2524 763 2573 castra
794 2515 1145 2573 defendere.

1092 2646 1197 2686 The
1224 2646 1375 2687 Gaulo
1400 2646 1580 2687 Attack
1608 2646 1922 2699 Vigorously.

552 2758 606 2805 4.
668 2750 846 2807 Brevi
876 2748 1078 2824 spatie
1110 2747 1449 2821 interiecte,
1481 2747 1580 2807 vix
1613 2758 1679 2807 ut
1709 2757 1799 2808 eis
1838 2749 2021 2809 rebus
2067 2753 2220 2827 quas
2265 2752 2556 2811 censtitu·

468 2850 667 2910 issent
723 2848 1126 2908 conlocandis
1185 2857 1370 2923 atque
1432 2848 1934 2909 administrandis
1992 2861 2237 2928 tempus
2288 2851 2551 2924 daretur,

467 2950 681 3009 hostes
733 2968 809 3008 ex
856 2949 1143 3007 omnibus
1192 2947 1470 3024 partibus
1522 2957 1699 3025 signe
1745 2950 1891 3009 date
1936 2951 2272 3024 decurrere,
2320 2952 2556 3028 lapides

467 3068 778 3128 gaesaque
810 3048 872 3106 in
904 3049 1129 3107 vallum
1163 3047 1463 3108 conicere.
1555 3051 1765 3108 Nostri
1808 3058 2006 3126 primo
2038 3051 2292 3128 integris
2323 3053 2555 3112 viribus

369 3172 430 3225 25
466 3150 708 3209 fortiter
737 3156 1123 3226 prepugnare
1154 3168 1355 3225 neque
1386 3148 1573 3207 ullum
1619 3150 1844 3208 frustra
1888 3151 2074 3209 telum
2108 3170 2182 3210 ex
2212 3153 2351 3211 loce
2383 3172 2556 3229 supe-

467 3250 625 3310 riere
657 3248 915 3320 mittere,
952 3258 1014 3307 et
1049 3268 1473 3326 quaecumque
1518 3269 1662 3326 pars
1708 3257 2043 3309 castrerum
2091 3251 2318 3309 nudata
2350 3253 2556 3312 defen·

467 3349 710 3411 seribus
760 3345 1000 3426 premi⁴
1041 3349 1379 3420 videbatur,
1429 3357 1504 3409 ee
1548 3368 1866 3408 occurrere
1911 3361 1974 3410 et
2016 3350 2306 3409 auxilium
2350 3353 2553 3426 ferre3

467 3451 579 3510 sed
610 3451 728 3510 hec
773 3458 1047 3526 superari
1093 3451 1258 3525 quod
1304 3449 1702 3509 diuturnitate
1748 3459 1991 3527 pugnae
2033 3451 2243 3511 hostes
2288 3452 2558 3512 defessi⁸

465 3550 699 3629 proelie
724 3551 1123 3621 excedebant,
1151 3550 1254 3607 alii
1284 3549 1539 3626 integris
1557 3549 1788 3608 viribus
1813 3551 2232 3610 succedebant
2258 3574 2269 3610 :
2302 3561 2554 3628 quarum

554 3718 637 3769 Cf.
656 3716 678 3752 1
703 3719 940 3782 doleant,
978 3733 1026 3781 p.
1059 3731 1133 3774 12,
1171 3717 1205 3765 1.
1236 3715 1431 3781 15.—²
1453 3717 1754 3781 repentine,
1787 3730 1861 3775 11,
1886 3730 1932 3779 7.
1952 3717 2057 3755 —8
2082 3719 2433 3784 sententiam,
2476 3718 2555 3786 56,

467 3802 663 3854 21.—4
686 3802 879 3869 premi,
900 3802 979 3868 65,
1006 3814 1084 3864 27.
1103 3828 1166 3836 —
1186 3800 1208 3832 ⁶
1232 3799 1454 3866 defessi,
1485 3814 1561 3854 22.
1593 3814 1666 3850 11.
