2819 4297
229 306 287 354 B.
314 305 381 356 G.
408 306 536 355 V11.
561 306 633 372 6.]
685 295 1009 379 Uprising
1033 298 1117 378 of
1140 295 1327 359 Gaul
1349 297 1565 359 under
1601 295 2095 379 Vercingeton‘x.
2198 296 2323 376 189

332 570 413 611 He
440 570 569 612 Goes
596 581 779 622 among
803 570 891 612 the
917 571 1183 623 Bituriges,
1213 570 1348 612 who
1373 570 1560 622 Appen
1586 570 1747 621 nothe
1774 569 1954 611 Haedui
1980 569 2057 610 for
2084 568 2227 620 1-1219.

845 637 1003 689 Βαίας
1030 637 1264 685 Refused,
1293 637 1434 687 ‘rhey
1459 637 1568 688 Joiu
1595 637 1714 678 him.

314 784 369 833 ⁵.
421 775 546 834 His
576 772 897 851 suppliciis
939 772 1220 832 celeriter
1264 780 1485 834 coacte
1529 772 1799 833 exercitu
1828 771 2180 833 Lucterium
2212 772 2326 833 Ca-

227 876 511 948 dflrcum,
543 892 821 933 summae
851 873 1163 933 hominem
1196 873 1511 946 audaciae,
1544 892 1684 932 cum
1712 882 1889 950 parte
1918 873 2232 950 cepiarum
2261 871 2324 930 in

229 977 519 1035 Rutenes
543 972 761 1045 mittit;
811 972 942 1050 ipse
974 972 1038 1032 in
1054 972 1368 1051 Bituriges
1398 973 1824 1049 proficiscitur.
1887 965 2033 1031 Eius
2057 972 2326 1031 adventii

228 1075 540 1152 Bituriges
571 1074 650 1132 ad
684 1073 988 1133 Haedues
1022 1072 1310 1153 (querum
1342 1082 1517 1132 erant
1543 1072 1603 1131 in
1628 1073 1778 1152 fide)
1814 1072 2050 1149 legates
2078 1071 2328 1131 mittunt

225 1172 580 1234 subsidium
625 1181 925 1250 rogatum,
961 1180 1086 1250 que
1130 1172 1372 1232 facilius
1418 1173 1689 1231 hostium
1733 1171 1948 1249 cepies
1984 1168 2326 1231 sustinere¹

226 1273 492 1351 possint.
585 1272 837 1331 Haedui
883 1272 961 1331 de
1009 1271 1270 1332 censilie
1320 1272 1678 1349 legeterum,
1741 1279 1898 1349 ques
1958 1273 2190 1331 Caesar
2246 1270 2327 1329 ad
2387 1334 2391 1338 ⁴

226 1373 568 1433 exercitum
600 1372 946 1448 reliquerat,
979 1371 1195 1449 cepizis
1239 1373 1551 1449 equitetfls
1579 1372 2013 1449 pedititiisque
2045 1370 2325 1431 subsidie

230 1473 617 1551 Biturigibus
646 1471 914 1532 mittunt.
1004 1473 1129 1546 Qui
1160 1491 1300 1531 cum
1331 1472 1412 1531 ad
1441 1472 1669 1531 flumen
1699 1471 1966 1549 Ligerim
1989 1470 2323 1544 venissent,

229 1574 403 1652 quod
446 1572 752 1651 Bituriges
799 1573 878 1631 ab
927 1573 1212 1633 Haeduis
1257 1572 1494 1646 dividit,
1526 1579 1762 1649 pauces
1805 1572 1940 1632 dies
1980 1571 2064 1631 ibi
2108 1580 2325 1631 moreti

230 1691 438 1751 neque
477 1673 704 1732 flflmen
747 1682 1008 1733 transire
1048 1682 1200 1747 ausi,
1234 1673 1486 1732 domum
1515 1667 1945 1745 revertuntur‚²
1983 1672 2325 1750 legatisque

230 1784 462 1835 nostris
492 1771 883 1834 renuntiant³
912 1781 980 1833 se
1015 1773 1351 1852 Biturigum
1377 1773 1697 1851 perfidiam
1721 1773 1950 1833 vetites
1980 1773 2322 1846 revertisse,

232 1876 464 1954 quibus
495 1874 558 1934 id
589 1873 810 1934 censili
840 1875 1033 1934 fuisse
1064 1872 1465 1952 cegneverint
1494 1883 1577 1946 ut,
1611 1882 1665 1932 si
1686 1873 1912 1932 flumen
1937 1881 2322 1944 transissent,

237 1985 361 2035 una
412 1995 490 2035 ex
534 1985 709 2052 parte
761 1974 897 2051 ipsi,
943 1975 1134 2034 altere
1185 1977 1447 2033 Arverni
1488 1981 1555 2033 se
1601 1968 2166 2034 circumsisterent.⁴
2250 1973 2325 2032 Id

237 2086 395 2136 eene
425 2076 505 2135 de
535 2083 724 2135 cause
747 2095 931 2153 quam
952 2075 1170 2153 legetis
1195 2074 1670 2152 pronuntiarunt
1687 2092 1764 2132 an
1788 2073 2046 2152 perfidia
2075 2073 2326 2133 adducti

235 2177 515 2249 fecerint,
548 2177 717 2254 quod
747 2176 898 2234 nihil
931 2176 1112 2236 nobis
1141 2183 1404 2248 constat,
1440 2183 1565 2234 nen
1595 2174 1836 2234 videtur
1853 2182 1966 2252 pre
1988 2182 2158 2236 certe
2187 2194 2326 2235 esse

235 2276 613 2355 penendum.
706 2276 1011 2352 Bituriges
1040 2283 1253 2335 eerum
1298 2275 1578 2335 discessis
1607 2275 1813 2335 statim
1842 2281 1911 2334 se
1941 2293 2080 2335 cum
2111 2277 2325 2335 Arver-

237 2387 332 2437 nis
362 2377 641 2455 iungunt.

336 2560 549 2601 Caeur’s
576 2557 829 2610 Difficulty
856 2559 906 2600 in
934 2559 1191 2612 Reuehing
1208 2559 1287 2600 his
1305 2559 1474 2610 Amy.
1531 2558 1609 2600 He
1635 2559 1876 2602 Proceeds
1899 2563 1953 2601 to
1980 2559 2150 2602 Narbo
2173 2562 2229 2601 to

799 2625 1097 2667 Counteract
1122 2627 1208 2667 the
1235 2626 1386 2666 Plane
1414 2625 1466 2666 oi·
1494 2626 1768 2667 Lucterius.

318 2770 376 2820 6.
430 2763 552 2821 His
596 2762 781 2820 rebus
827 2760 890 2819 in
932 2753 1180 2819 Ttaliam
1226 2762 1481 2820 Caesari
1524 2759 1863 2835 nuntiatis‚³
1891 2781 2029 2822 cum
2076 2762 2196 2821 iam
2226 2761 2328 2822 ille

238 2862 507 2922 urbanis
551 2868 650 2920 res
693 2861 916 2920 virtute
962 2862 1076 2920 Cn.
1127 2863 1382 2938 Pompei
1427 2859 1944 2921 commodierem⁶
1984 2862 2048 2920 in
2101 2871 2327 2922 statum

239 2960 595 3038 pervenisse
640 2960 1039 3038 intellegeret,
1080 2960 1143 3018 in
1189 2961 1662 3037 Transalpinam
1709 2961 1972 3021 Galliam
2017 2963 2330 3039 profectus

236 3072 349 3122 est.
442 3062 533 3121 Εὸ
563 3079 702 3121 cum
744 3060 1033 3134 venisset,
1067 3068 1293 3137 magne
1334 3060 1691 3121 difficultate
1736 3058 2179 3134 adficiebatur,⁷
2208 3071 2329 3139 quei

238 3162 479 3222 ratiene
512 3161 593 3220 ad
622 3161 954 3220 exercitum
986 3169 1308 3237 pervenire
1336 3169 1566 3237 posset.
1656 3163 1819 3219 Nam
1865 3170 1919 3220 si
1962 3162 2236 3239 legienes
2268 3162 2328 3221 in

240 3259 621 3339 previnciam
656 3269 1011 3333 arcesseret,
1045 3267 1112 3319 se
1158 3260 1417 3320 absente
1462 3260 1524 3319 in
1571 3259 1787 3320 itinere
1819 3263 2051 3338 proelie
2082 3262 2330 3323 dimice-

235 3371 403 3423 tfiris
421 3358 445 3393 ⁸
472 3361 907 3439 intellegebat;
955 3368 1008 3419 si
1037 3360 1172 3437 ipse
1203 3361 1283 3419 ad
1313 3360 1648 3420 exercitum
1678 3363 2096 3436 contenderet,
2129 3370 2207 3423 ne
2239 3372 2329 3424 eis

235 3462 485 3539 quidem
516 3467 593 3520 ee
624 3468 899 3536 tempore
931 3467 1038 3536 qui
1068 3459 1262 3536 quieti
1292 3459 1651 3520 viderentur
1680 3480 1853 3520 suam
1885 3462 2145 3522 saltitem
2163 3470 2327 3523 recte

234 3558 540 3621 committi
568 3558 835 3619 videbat.

313 3728 399 3779 Cf.
419 3724 442 3761 ²
458 3726 732 3792 resistere,
749 3741 809 3775 w.
830 3724 940 3776 dat.
954 3724 1057 3763 —2
1075 3727 1134 3778 se
1155 3725 1446 3791 recipiunt.
1462 3754 1530 3763 —
1541 3725 1565 3758 ⁸
1582 3725 1840 3779 referunt.
1857 3726 1959 3764 —4
1978 3727 2330 3779 circumveni-

234 3813 371 3865 rent.
388 3838 457 3847 —
471 3807 495 3843 ⁶
519 3810 768 3876 perlitis.
785 3837 854 3846 —
867 3809 891 3841 ⁶
914 3808 1207 3861 melierem.
1220 3837 1287 3845 —
1299 3807 1321 3842 ⁷
1346 3810 1775 3874 permovebetur.
1795 3837 1863 3850 —-
1875 3809 1898 3845 ⁸
1920 3809 2276 3874 pugnaturis.

2367 1695 2427 1733 10

2367 2194 2428 2248 ¹⁵

2368 2979 2428 3014 20

2366 3474 2427 3527 ²5
