2819 4297
479 271 603 333 160
1212 268 1346 331 The
1397 267 1617 331 Gallie
1665 268 1835 332 War.
2331 278 2564 344 [Casan

468 456 611 537 qui¹
684 460 1041 520 Eburenum
1115 459 1367 531 finibu3‚
1432 467 1749 536 perpetuis
1772 455 1796 490 ²
1864 458 2195 537 paludibus
2268 458 2564 537 silvisque

468 569 704 633 muniti,
738 570 843 637 qui
875 568 981 619 fini
1012 578 1088 619 ex
1119 559 1324 619 Gallia
1355 559 1433 618 de
1463 567 1618 636 pace
1649 559 1729 618 ad
1762 560 2094 619 Caesarem
2126 561 2364 638 legates
2395 579 2565 620 num-

468 679 653 737 quam
685 669 994 720 miserant.
1087 661 1244 720 Cum
1271 659 1369 717 his
1395 678 1536 718 esse
1559 659 1897 736 hospitium
1919 659 2263 737 Ambiorigi
2289 660 2564 734 sciebat3

467 761 614 820 item
661 779 771 837 per
815 762 1120 820 Treveres
1173 759 1418 819 venisse
1466 760 1799 819 Germanis
1847 759 1910 817 in
1958 760 2291 820 amicitiam
2339 768 2565 839 cegne-

405 880 432 933 5
468 870 657 921 verat.
749 862 929 920 Haec
952 861 1123 937 prius
1148 859 1235 918 illi
1261 859 1646 919 detrahenda
1664 856 1686 890 ³
1709 859 1933 918 auxilia
1956 861 2353 921 existimabat
2376 881 2564 938 quam

468 961 670 1039 ipsum
713 961 881 1021 belle
925 962 1272 1031 lacesseret,
1309 967 1384 1018 ne
1428 962 1755 1036 desperata
1795 960 1991 1020 salfite
2022 970 2127 1019 aut
2157 968 2225 1021 se
2255 961 2321 1020 in
2353 963 2564 1021 Mena-

466 1062 604 1139 pies
657 1061 914 1120 abderet
967 1069 1073 1119 aut
1120 1079 1258 1119 cum
1311 1061 1809 1120 Transrhenanis
1867 1062 2164 1139 congredi
2220 1069 2559 1140 cegeretur.

472 1164 614 1221 Hec
637 1161 791 1220 inite
820 1161 1083 1220 censilie
1107 1168 1296 1220 tetius
1321 1161 1624 1220 exercitiis
1650 1160 2091 1237 impedimenta
2115 1163 2192 1221 ad
2219 1162 2564 1222 Labienum

467 1263 530 1320 in
561 1264 865 1322 Treveres
894 1261 1080 1321 mittit
1110 1261 1390 1337 duasque
1423 1261 1503 1320 ad
1531 1280 1672 1322 eum
1704 1261 1979 1339 legienes
2010 1263 2318 1339 proficisci
2350 1262 2559 1336 iubet3

374 1381 433 1416 10
467 1362 600 1440 ipse
631 1381 769 1422 cum
800 1362 1148 1440 legionibus
1188 1362 1494 1438 expeditis
1535 1370 1806 1438 quinque
1845 1363 1907 1419 in
1951 1362 2282 1439 Menapios
2325 1365 2562 1441 profici-

468 1463 672 1523 scitur.
762 1464 861 1521 Illi
892 1463 1058 1522 nulla
1082 1471 1298 1522 coacta
1329 1460 1563 1535 manin*
1586 1463 1706 1522 loci
1729 1463 2041 1540 praesidie
2070 1462 2256 1537 freti,⁵
2278 1464 2341 1522 in
2373 1464 2560 1525 silvas

467 1563 847 1648 paludesque
878 1562 1248 1641 cenfugiunt
1279 1582 1515 1639 suaque
1546 1563 1764 1623 eedem
1795 1564 2142 1624 censerunt.

552 1672 605 1722 6.
656 1666 903 1737 Caesar,
959 1660 1244 1741 partitis⁶
1293 1664 1491 1741 cepiis
1543 1683 1682 1724 cum
1737 1666 1806 1725 C.
1854 1666 1904 1723 F
1908 1664 2051 1724 abie
2102 1665 2308 1743 legate
2357 1675 2420 1725 et
2472 1667 2560 1727 Μ.

471 1767 700 1826 Crasse
731 1772 1057 1842 quaestere
1087 1764 1490 1841 celeriterque
1521 1762 1801 1825 effectis⁷
1844 1765 2156 1842 pontibus,
2190 1767 2318 1826 adit
2348 1765 2561 1845 tripar-

374 1881 434 1935 15
470 1873 602 1939 tite,
635 1866 918 1925 aedificia
947 1872 1243 1941 vicesque
1288 1865 1583 1937 incendit,
1617 1872 1841 1943 magne
1883 1866 2123 1942 pecoris
2154 1877 2340 1943 atque
2370 1867 2561 1926 homi-

472 1985 618 2026 num
647 1973 902 2026 numere
925 1975 1171 2044 potitur.
1263 1966 1509 2041 Quibus
1540 1967 1723 2026 rebus
1749 1962 1990 2027 coacti⁸
2020 1967 2298 2044 Menapii
2322 1967 2561 2046 legates

468 2068 550 2128 ad
607 2086 747 2126 eum
804 2068 977 2144 pacis
1030 2067 1343 2144 petendae
1415 2075 1605 2127 causa
1663 2066 1931 2127 mittunt.
2049 2066 2163 2127 Ille
2235 2067 2560 2128 obsidibus

468 2178 740 2247 acceptis
788 2169 1056 2228 hostium
1109 2175 1176 2227 se
1226 2168 1576 2228 habitarum
1634 2175 1890 2227 numere
1948 2169 2293 2242 cenfirmat‚
2348 2178 2402 2228 si
2454 2180 2561 2229 aut

470 2270 889 2347 Ambiorigem
915 2279 1020 2328 aut
1049 2269 1183 2328 eius
1226 2269 1464 2346 legates
1508 2268 1744 2327 finibus
1788 2277 1918 2327 suis
1949 2269 2345 2345 recepissent.
2435 2272 2560 2330 His

370 2386 434 2422 20
468 2368 895 2430 cenfirmatis⁹
922 2370 1107 2428 rebus
1154 2368 1503 2429 Commium
1549 2369 1910 2429 Atrebatem
1946 2389 2086 2429 cum
2117 2370 2396 2447 equitati]
2425 2390 2559 2431 cus-

468 2471 634 2531 tedis
678 2471 817 2530 loce
861 2471 923 2528 in
971 2469 1286 2546 Menapiis
1329 2468 1659 2546 relinquit;
1721 2468 1855 2545 ipse
1900 2468 1959 2528 in
2022 2472 2324 2530 Treveres
2380 2472 2560 2547 profi-

468 2571 732 2632 ciscitur.

1121 2668 1370 2710 Labienus
1390 2679 1574 2720 among
1590 2669 1676 2710 the
1695 2669 1907 2710 Treveri.

461 2813 464 2816 ¹
551 2799 604 2848 ’1.
654 2791 817 2849 Dum
848 2788 1005 2847 haec
1043 2795 1081 2846 a
1122 2788 1389 2847 Caesare
1429 2796 1739 2864 geruntur,
1770 2788 2024 2847 Treveri
2055 2797 2295 2866 magnis
2325 2798 2559 2850 coactis

466 2891 776 2969 peditatfis
795 2886 836 2921 ¹⁰
863 2888 1297 2965 equitatusque
1317 2883 1357 2918 ¹¹
1386 2887 1587 2964 copiis
1619 2887 1960 2947 Labienum
1992 2907 2130 2947 cum
2162 2898 2284 2949 ima
2312 2889 2558 2968 legiene

370 3022 398 3058 2
406 3021 434 3075 5
469 3011 629 3070 quae
658 2992 721 3049 in
752 2996 963 3049 eerum
992 2988 1229 3047 finibus
1264 2987 1578 3047 hiemabat
1614 2988 1840 3047 adoriri
1854 2984 1899 3019 ¹²
1925 2989 2265 3065 parabant3
2311 2989 2558 3067 iamque

467 3093 547 3151 ab
591 3098 669 3152 ee
713 3097 837 3149 nen
885 3088 1131 3167 longius
1178 3088 1354 3147 bidui
1400 3083 1556 3147 via¹⁸
1600 3088 1875 3161 aberant,
1925 3107 2063 3147 cum
2113 3090 2269 3149 duas
2312 3091 2558 3151 venisse

467 3192 743 3270 legienes
772 3187 1014 3249 1⁴missii
1037 3188 1328 3250 Caesaris
1352 3195 1755 3265 cegnescunt.
1845 3188 2072 3249 Positis
2096 3199 2315 3250 castris
2338 3200 2376 3250 a
2407 3191 2559 3251 mili-

360 3329 392 3334 --
466 3294 586 3354 bus
657 3309 950 3368 passuum
1023 3307 1109 3348 xv
1181 3287 1408 3348 auxilia
1474 3290 1921 3349 Germanarum
1994 3300 2352 3366 exspectare
2417 3299 2561 3352 cen-

468 3393 749 3455 stituunt.
866 3390 1197 3462 LabienuS,
1270 3389 1543 3449 hostium
1618 3390 1869 3467 cegnite
1941 3389 2222 3463 censilie,
2298 3397 2557 3468 sperans

367 3517 434 3571 30
467 3492 811 3554 temeritate
855 3497 1066 3551 eerum
1102 3491 1234 3550 fore
1280 3490 1551 3567 aliquam
1598 3490 1935 3550 dimicandi
1977 3490 2353 3563 facultatem,
2388 3510 2559 3568 prae-

550 3625 636 3676 cf.
661 3624 680 3658 1
704 3622 965 3677 cenfines.
991 3651 1059 3660 —-
1080 3621 1104 3656 2
1126 3623 1421 3675 continuis.
1445 3651 1514 3660 —
1535 3621 1558 3656 ⁸
1579 3624 1888 3675 adimenda.
1904 3622 2009 3661 -4
2032 3624 2110 3675 vi.
2128 3621 2232 3661 —5
2254 3622 2471 3677 cenfisi.
2491 3652 2560 3661 —

463 3710 487 3744 ⁶
511 3710 726 3763 divisis.
741 3707 844 3745 —-⁷
867 3707 1168 3760 institutis.
1183 3705 1286 3744 —8
1312 3706 1680 3771 perm6t1.—⁹
1704 3708 2043 3759 cenatitfitiS.
2060 3705 2183 3744 —10
2207 3708 2474 3774 peditum.
2490 3736 2559 3745 —

465 3791 510 3829 ¹²
530 3793 797 3865 equitum·
810 3790 936 3829 —12
958 3791 1202 3857 adgredi.
1219 3819 1288 3828 -
1301 3790 1345 3824 1⁸
1367 3791 1582 3843 itinere.
1601 3819 1667 3827 —
1682 3789 1725 3823 ¹⁴
1747 3793 1782 3842 a
1806 3792 2033 3844 Caesare
2055 3791 2275 3844 missas.
