2819 4297
430 280 518 348 70
1163 269 1296 331 The
1348 268 1565 331 Gallie
1616 268 1779 331 War.
2294 278 2526 343 [CAESAR

427 461 679 521 acclivis
730 459 934 520 aditus
965 460 1027 519 in
1061 459 1448 520 latitudinem
1495 467 1619 519 nen
1652 459 1915 535 amplius
1958 459 2185 537 pedum
2229 476 2306 518 cc
2350 457 2526 517 relin-

430 559 771 635 quebatur3
820 580 1001 636 quem
1048 559 1248 619 locum
1297 559 1532 636 duplici
1574 558 1874 619 altissime
1918 567 2091 618 mure
2136 559 2525 631 munierant3

430 667 557 717 tum
590 668 794 735 magni
836 659 1130 736 ponderis
1175 677 1324 718 saxa
1355 667 1418 718 et
1448 668 1812 735 praeacutas
1855 659 2048 718 trabis
2079 659 2142 717 in
2175 666 2346 718 mure
2385 677 2524 718 con-

431 758 735 817 locabant.
826 761 958 835 Ipsi
988 768 1161 818 erant
1191 778 1266 818 ex
1306 758 1575 818 Cimbris
1605 761 2032 836 Teutonisque
2062 765 2364 836 pregnati,
2399 767 2523 834 qui,

367 875 394 928 5
430 877 569 917 cum
614 857 729 916 iter
772 858 834 917 in
880 858 1259 936 previnciam
1290 868 1566 919 nostram
1599 869 1784 936 atque
1825 852 2072 918 Ttaliam
2102 859 2394 929 facerent,
2435 867 2526 916 eis

431 958 888 1035 impedimentis
937 978 1094 1035 quae
1148 967 1358 1019 secum
1413 978 1594 1037 agere
1645 978 1718 1018 ac
1769 968 2013 1036 portare
2065 966 2190 1018 nen
2244 967 2528 1035 poterant

434 1058 584 1118 citra
613 1058 839 1118 flumen
873 1061 1160 1119 Rhenum
1193 1059 1512 1137 depositis,
1545 1059 1888 1118 custodiam
1921 1078 1995 1118 ex
2027 1067 2154 1117 suis
2183 1078 2258 1117 ac
2300 1057 2526 1135 praesi-

432 1158 600 1218 dium
646 1178 754 1218 sex
783 1160 950 1218 milia
995 1160 1310 1219 hominum
1357 1169 1481 1219 sina
1523 1160 1915 1237 reliquerant.
2009 1160 2097 1217 Hi
2127 1168 2271 1235 post
2315 1166 2524 1217 eerum

433 1260 670 1319 obitum
706 1260 932 1321 multes
964 1267 1161 1319 annes
1192 1269 1230 1320 a
1257 1261 1543 1319 finitimis
1574 1260 1882 1338 exagitati,
1917 1278 2055 1319 cum
2101 1259 2253 1317 alias
2296 1257 2527 1317 bellum

337 1383 399 1418 10
434 1360 732 1418 inferrent
763 1359 914 1419 alias
946 1360 1200 1420 inlatum
1233 1360 1658 1433 defenderent,
1686 1366 1996 1420 censensu
2019 1365 2229 1417 eerum
2254 1356 2526 1415 omnium

433 1468 585 1537 pace
615 1460 782 1519 facta
810 1460 977 1519 hunc
1011 1460 1128 1520 sibi
1160 1460 1475 1520 domicilie
1506 1462 1709 1519 locum
1740 1460 2110 1536 delegerant.

930 1618 1069 1670 They
1098 1619 1234 1661 Scoff
1262 1623 1314 1660 at
1340 1619 1425 1660 the
1454 1619 1646 1660 Roman
1676 1619 1819 1671 siege
1848 1618 2044 1660 Worke.

518 1756 613 1805 30.
672 1751 764 1807 Ac
788 1756 987 1825 primo
1012 1745 1311 1807 adventfl¹
1341 1747 1645 1807 exercitiis
1669 1756 1862 1807 nostri
1893 1744 2170 1807 crebras²
2198 1766 2274 1805 ex
2297 1747 2529 1823 oppide

437 1847 832 1908 excursienes
871 1849 1187 1908 faciebant
1228 1849 1625 1926 parvulisque
1669 1849 1919 1926 proeliis
1960 1867 2099 1907 cum
2133 1856 2360 1907 nostris
2390 1865 2530 1904 con-

439 1949 816 2022 tendebant3
863 1958 1081 2026 postea
1125 1949 1287 2008 valle
1335 1949 1563 2026 pedum
1615 1949 1826 2023 x11‚in
1874 1949 2133 2008 circuitu
2173 1968 2257 2008 xv
2281 1949 2530 2020 milium,

343 2068 402 2122 15
439 2049 795 2125 crebrisque
828 2049 1100 2109 castellis
1146 2048 1597 2108 circummuniti
1645 2047 1876 2125 oppide
1924 2054 2061 2107 sese
2109 2046 2528 2107 continebant.

1188 2790 1286 2832 Fre.
1316 2791 1595 2841 43.—Smon
1621 2792 1808 2832 Womcs.

990 2887 1037 2924 a,
1055 2873 1095 2924 b,
1116 2873 1287 2915 Double
1307 2873 1420 2915 wall.
1528 2889 1567 2922 e,
1589 2872 1794 2915 Movable
1813 2880 1958 2914 tower.

991 2953 1028 2990 c,
1047 2953 1084 2989 c,
1104 2954 1140 2989 c,
1163 2941 1325 2981 Vineae.
1527 2940 1577 2992 J}
1599 2940 1745 2982 Ditch.

994 3006 1039 3057 d,
1059 3007 1215 3058 Agger.

446 3144 576 3203 Ubi
619 3140 854 3203 vineis⁸
882 3151 1038 3201 actis
1084 3140 1340 3219 aggere⁴
1370 3150 1682 3202 exstructe
1728 3142 1938 3201 turrim
1984 3141 2196 3219 procul
2242 3141 2537 3206 constitui

444 3244 745 3315 viderunt,
773 3251 1033 3318 primum
1067 3242 1331 3301 inridere
1364 3261 1441 3301 ex
1474 3250 1646 3301 mure
1678 3252 1861 3317 atque
1894 3240 2257 3318 increpitare
2280 3240 2536 3300 vecibus

448 3343 613 3420 quod
657 3351 829 3402 tanta
854 3341 1225 3401 machinatic')
1272 3343 1349 3401 ab
1395 3350 1576 3401 tante
1623 3342 1825 3418 spatie
1871 3342 2322 3401 institueretur:
2360 3340 2536 3414 ‘Qui-

443 3444 709 3503 busnam
753 3441 1040 3500 manibus
1088 3452 1191 3502 aut
1235 3442 1460 3520 quibus
1507 3439 1779 3501 viribus⁵
1836 3443 2194 3518 praesertim
2253 3441 2536 3501 homines

347 3571 411 3607 κο
446 3543 721 3602 tantulae
767 3543 1324 3602 staturae'—nam
1372 3543 1730 3620 plerumque
1764 3542 2116 3601 hominibus
2148 3542 2346 3601 Gallis
2390 3560 2538 3618 prae

530 3693 613 3742 Cf.
647 3691 667 3726 1
691 3693 1005 3757 adventum,
1044 3709 1094 3755 p.
1123 3691 1203 3749 60,
1240 3693 1273 3740 1.
1302 3691 1468 3741 6.—2
1491 3692 1678 3757 crebri,
1716 3705 1795 3755 49,
1829 3690 1989 3740 2.—⁸
2012 3691 2222 3756 vineis,
2264 3703 2342 3756 57,
2377 3689 2539 3741 26.-

442 3776 465 3813 4
487 3790 703 3846 aggere,
733 3775 810 3846 58,
841 3790 881 3825 1.
897 3774 999 3811 —⁶
1022 3775 1250 3841 viribus,
1277 3773 1356 3835 48,⁴
1383 3789 1430 3825 2.
2513 3789 2516 3790 ⁷
