2819 4297
337 1090 361 1141 5

304 1591 359 1625 10

301 2091 353 2144 ¹5

298 2597 358 2631 20

295 3274 353 3326 ²5

413 252 534 298 122
1155 237 1217 299 T
1206 237 1289 301 lte
1332 238 1550 302 Gallie
1593 239 1760 304 War.
2264 250 2499 316 [CAESAR

401 423 683 488 civitatis.
777 428 893 501 Illi,
927 438 995 489 ut
1046 438 1177 489 erat
1228 429 1616 506 imperatum,
1666 429 2128 490 circumsistunt
2178 431 2496 491 hominem

402 537 585 604 atque
616 528 1032 603 interficiunt3
1076 539 1140 589 at
1189 530 1429 606 equites
1462 531 1714 589 Haedui
1761 531 1841 590 ad
1895 532 2228 591 Caesarem
2275 540 2495 593 omnes

399 637 801 688 revertuntur.

426 776 591 818 Caesar
619 778 729 819 sets
758 779 858 820 Sail
888 780 964 821 {or
999 780 1205 821 Britain.
1260 781 1363 822 The
1397 781 1606 822 Natives
1642 781 1692 822 in
1719 780 1887 822 Alarm
1915 780 2199 823 withdraw
2226 780 2353 823 from
2378 781 2469 824 the

1102 856 1108 861 ·
1363 846 1531 888 coast.

479 971 532 1020 8.
596 966 716 1023 His
781 965 963 1025 rebus
1018 963 1254 1043 gestiS‚l
1318 966 1597 1027 Labieno
1658 967 1721 1025 in
1774 965 2132 1027 continente
2206 986 2344 1026 cum
2406 986 2487 1028 111

398 1062 743 1141 legionibus
801 1075 862 1125 et
918 1066 1190 1142 equitum
1250 1067 1500 1127 milibus
1560 1067 1803 1127 duobus
1860 1065 2092 1140 relicto,
2150 1077 2217 1126 ut
2274 1077 2490 1144 portus

396 1172 665 1224 tuerEtur
713 1176 774 1225 et
817 1174 905 1225 rei
947 1167 1380 1227 frumentariae
1429 1167 1797 1244 provideret,
1847 1186 2128 1244 quaeque
2174 1168 2239 1226 in
2283 1169 2489 1229 Gallia

394 1277 749 1341 gererentur
782 1274 1186 1343 cognosceret
1237 1267 1690 1344 consiliumque
1720 1275 1834 1344 pro
1882 1276 2157 1345 tempore
2187 1278 2249 1327 et
2278 1276 2390 1344 pro
2420 1277 2489 1328 re

395 1375 659 1442 caperet,
707 1367 838 1442 ipse
898 1385 1036 1425 cum
1096 1385 1132 1423 v
1186 1367 1536 1443 legionibus
1588 1377 1650 1426 et
1701 1377 1834 1444 pari
1879 1376 2136 1426 numero
2189 1369 2484 1445 equitum,

396 1485 577 1542 quem
637 1466 698 1524 in
759 1468 1102 1527 continenti
1163 1467 1513 1543 reliquerat,
1576 1469 1656 1527 ad
1713 1464 1902 1527 ²solis
1960 1477 2249 1529 occasum
2309 1478 2487 1529 navis

395 1565 620 1638 solvit3
667 1576 728 1625 et
758 1567 880 1626 leni
922 1555 1136 1627 Ᾰὶτίεὸ
1176 1576 1507 1644 provectus
1545 1568 1748 1627 media
1799 1568 2042 1627 circiter
2084 1579 2266 1628 nocte
2296 1579 2487 1630 vento

395 1665 762 1739 intermisso,
818 1686 1061 1726 cursum
1113 1676 1240 1727 non
1298 1668 1537 1741 tenuit;
1607 1678 1669 1728 et
1716 1668 1958 1744 longius
2011 1668 2251 1728 delatus
2310 1680 2490 1730 aestu

393 1762 559 1826 ³orta
590 1766 724 1827 luce
756 1768 871 1826 sub
903 1767 1153 1828 sinistra
1186 1768 1563 1827 Britanniam
1594 1768 1865 1828 relictam
1900 1769 2238 1844 conspexit.
2321 1771 2485 1828 Tum

394 1876 600 1926 rursus
647 1877 854 1927 aestus
901 1868 1443 1928 commutationem
1504 1878 1753 1928 secfitus
1813 1875 1996 1927 remis
2055 1869 2374 1928 contendit
2419 1881 2488 1930 ut

393 1987 524 2026 eam
586 1977 823 2044 partem
870 1969 1105 2029 insulae
1150 1978 1400 2046 caperet
1462 1978 1582 2045 qua
1627 1969 1923 2045 optimum
1970 1987 2106 2027 esse
2167 1976 2482 2046 egressum

392 2068 704 2144 superiore
764 2078 998 2129 aestate
1056 2077 1446 2146 cognoverat.
1537 2069 1679 2142 Qua
1737 2070 1800 2127 in
1858 2076 1924 2127 re
1983 2068 2315 2128 admodum
2365 2071 2487 2130 fuit

390 2170 649 2229 militum
689 2170 881 2230 virtus
929 2170 1257 2243 laudanda,
1301 2179 1407 2246 qui
1438 2170 1726 2229 vectoriis
1773 2170 2186 2246 gravibusque
2219 2170 2485 2248 navigiis

392 2278 515 2329 non
547 2270 899 2330 intermisso
950 2271 1290 2348 remigandi
1338 2270 1549 2330 labore
1602 2271 1921 2347 longarum
1954 2270 2203 2329 navium
2235 2290 2484 2330 cursum

393 2371 834 2446 adaequarunt.
953 2375 1291 2430 Accessum
1379 2380 1475 2430 est
1562 2370 1642 2429 ad
1731 2370 2110 2429 Britanniam
2195 2371 2484 2431 omnibus

391 2471 654 2531 navibus
698 2469 1074 2532 meridiano*
1102 2473 1232 2531 fere
1263 2482 1540 2547 ternpore
1562 2468 1611 2543 ;4
1654 2490 1857 2547 neque
1889 2471 1952 2529 in
1997 2479 2072 2530 eo
2117 2471 2254 2531 loco
2284 2470 2486 2531 hostis

394 2581 490 2632 est
531 2582 718 2646 viSUS,
753 2573 880 2645 sed,
915 2582 981 2631 ut
1012 2582 1228 2650 postea
1276 2575 1508 2632 Caesar
1544 2591 1619 2631 ex
1658 2580 1919 2647 captivis
1971 2569 2304 2648 cognovit,⁵
2343 2592 2485 2631 cum

389 2682 650 2750 magnae
698 2670 950 2732 manfis⁶
1000 2680 1074 2732 ef>
1123 2673 1575 2743 convenissent,
1623 2671 2011 2730 multitudine
2058 2672 2302 2731 navium
2353 2692 2487 2748 per-

389 2771 678 2848 territae,⁷
707 2793 863 2851 quae
895 2793 1034 2833 cum
1077 2772 1388 2833 annotinis
1441 2781 1837 2849 privatisque,
1872 2781 2025 2847 quas
2079 2781 2175 2830 sui
2221 2772 2484 2848 quisque

388 2876 696 2935 commodi
733 2877 982 2949 fecerat,
1018 2874 1278 2951 amplius
1326 2890 1490 2932 DCCC
1529 2880 1650 2932 sino
1703 2881 1876 2931 erant
1907 2881 2077 2931 visae
2120 2882 2415 2948 tempore,
2447 2882 2486 2932 ἓ,

388 2975 563 3035 litore
594 2974 1045 3036 discesserant⁸
1073 2995 1147 3034 ac
1179 2982 1244 3033 se
1278 2974 1341 3032 in
1372 2973 1691 3050 superiora
1720 2972 1856 3031 loca
1889 2972 2271 3032 abdiderant.

439 3125 541 3166 The
567 3125 719 3176 Army
748 3126 914 3166 Lands
942 3126 1037 3166 and
1063 3124 1340 3165 Advances.
1395 3123 1499 3163 The
1529 3122 1738 3164 Natives
1758 3121 1941 3170 Resist,
1961 3121 2050 3162 but
2070 3133 2151 3163 are
2179 3119 2432 3163 Defeated.

472 3251 525 3301 9.
588 3245 820 3304 Caesar
851 3243 1128 3321 exposito
1165 3241 1437 3302 exercitu
1481 3251 1541 3301 et
1573 3242 1711 3300 loco
1749 3249 1968 3299 castris
2009 3239 2236 3300 idoneo
2276 3247 2480 3316 capto,

390 3343 496 3404 ubi
527 3363 603 3403 ex
632 3352 891 3420 captivis
937 3343 1226 3420 cognovit
1273 3349 1396 3419 quo
1429 3341 1492 3400 in
1551 3341 1689 3400 loco
1721 3341 1992 3399 hostium
2024 3339 2241 3416 copiae
2272 3347 2484 3400 conse-

390 3444 646 3517 dissent,
680 3444 1036 3504 cohortibus
1080 3462 1124 3502 Χ
1171 3444 1249 3503 ad
1295 3461 1464 3502 mare
1506 3441 1736 3501 relictis
1780 3451 1841 3501 et
1885 3440 2200 3517 equitibus
2231 3457 2346 3499 CCC
2377 3449 2483 3517 qui

391 3540 732 3621 praesidi6⁹
754 3545 1012 3604 navibus
1037 3553 1264 3616 essent,
1281 3543 1358 3602 de
1381 3543 1562 3602 tertia
1585 3542 1794 3619 vigilia
1819 3542 1896 3600 ad
1921 3542 2119 3600 hostis
2144 3541 2481 3614 contendit,

475 3677 558 3727 Cf.
597 3677 616 3711 1
641 3676 916 3730 confectis.
936 3675 1039 3715 —2
1061 3677 1392 3729 occidentem
1416 3676 1605 3727 solem.
1623 3703 1692 3712 —
1707 3673 1729 3707 ⁸
1751 3675 1929 3740 primi
1953 3675 2086 3725 luce.
2102 3703 2169 3711 —
2189 3673 2213 3707 ⁴
2239 3673 2478 3725 meridie.

391 3788 456 3795 —
469 3759 492 3793 ⁶
514 3761 770 3826 repperit.
788 3789 856 3797 —
868 3760 891 3793 ⁶
916 3760 1118 3825 copiae.
1137 3788 1203 3797 -—
1221 3758 1242 3790 ⁷
1267 3759 1561 3826 permotae.
1575 3786 1641 3795 —-
1656 3757 1677 3790 ⁸
1696 3758 2054 3812 excesserant.
2073 3784 2139 3793 —-
2152 3754 2175 3788 ⁹
2194 3755 2459 3813 subsidio.
