2819 4297
258 296 314 347 B.
334 297 401 348 G.
420 298 518 346 VI.
544 297 644 363 19·]
715 287 972 351 Second
994 288 1397 369 Expedition
1433 289 1568 351 into
1606 288 1951 372 Germany.
2219 290 2343 371 169

254 485 352 539 tos
377 477 659 537 cumulos
678 475 701 511 ¹
718 478 870 538 locis
894 486 1272 539 consecratis
1295 478 1642 557 conspicari
1665 478 1824 540 licet.
1913 482 2132 556 Neque
2156 497 2344 556 saepe

254 577 487 638 accidit
535 587 603 638 ut
652 579 939 656 neglecta
988 579 1297 656 quispiam
1350 580 1646 657 religione
1694 589 1800 639 aut
1843 589 2026 657 capta
2074 579 2241 656 apud
2278 587 2345 639 se

253 675 609 739 occultare²
651 687 757 738 aut
798 679 1001 756 posita
1053 676 1307 739 tollere³
1349 680 1632 753 auderet3
1691 680 2243 757 gravissimumque
2287 689 2345 739 ei

252 776 386 841 rei⁴
413 779 785 857 supplicium
816 798 955 839 cum
988 780 1260 839 cruciatu
1291 780 1693 840 constitutum
1725 790 1836 840 est.

420 960 560 1012 They
588 960 745 1003 claim
765 961 980 1003 Descent
1005 961 1132 1003 from
1163 962 1324 1003 Pluto.
1380 962 1602 1004 Peculiar
1627 963 1914 1005 Treatment
1940 964 1991 1005 οἱ
2017 964 2168 1014 Boys.

338 1089 436 1140 18.
496 1080 661 1140 Galli
693 1086 758 1139 se
800 1088 1001 1139 omnis
1045 1080 1124 1139 ab
1171 1082 1317 1140 Dite
1361 1092 1535 1158 patre
1578 1078 1953 1159 prognatos⁵
1981 1081 2345 1158 praedicant
2417 1109 2443 1160 5

251 1182 443 1259 idque
495 1182 574 1240 ab
617 1180 941 1240 druidibus
994 1177 1348 1258 proditum⁶
1398 1181 1629 1240 dicunt.
1741 1182 1840 1241 Ob
1897 1200 2034 1241 eam
2092 1200 2345 1241 causam

253 1281 460 1360 spatia
515 1280 717 1340 omnis
773 1280 1068 1358 temporis
1127 1289 1253 1340 non
1311 1288 1567 1342 numero
1626 1280 1861 1340 dierum
1920 1282 2031 1340 sed
2071 1281 2344 1341 noctium

250 1382 519 1455 finiunt;
567 1381 701 1441 dies
732 1383 957 1441 natalis
987 1391 1050 1441 et
1079 1383 1380 1442 mensium
1413 1391 1474 1441 et
1503 1389 1801 1441 annorum
1825 1381 1998 1440 initia
2028 1390 2118 1441 sic
2139 1381 2343 1442 obser-

254 1492 406 1543 vant
428 1470 495 1542 ut
517 1491 763 1542 noctem
788 1482 922 1541 dies
946 1483 1373 1559 subsequatur.
1439 1484 1514 1541 In
1544 1482 1793 1558 reliquis
1818 1490 1981 1541 vitae
2010 1481 2306 1541 institutis
2325 1478 2347 1514 ⁷

252 1584 376 1643 hoc
420 1582 550 1642 fere
594 1583 673 1641 ab
718 1581 971 1659 reliquis
1015 1582 1324 1655 differunt,
1359 1582 1525 1659 quod
1572 1589 1718 1641 suos
1762 1582 2005 1655 liberos,
2040 1581 2160 1641 nisi
2203 1601 2343 1642 cum
2384 1598 2444 1635 10

253 1683 660 1744 adoleverunt
703 1692 770 1742 ut
813 1692 1034 1741 munus
1080 1683 1330 1742 militiae
1375 1682 1678 1742 sustinere
1718 1681 1976 1758 possint,
2018 1682 2220 1759 palam
2265 1682 2344 1741 ad

254 1791 324 1844 se
355 1784 529 1843 adire
560 1790 686 1842 non
731 1781 1080 1860 patiuntur;
1127 1782 1451 1859 filiumque
1494 1783 1712 1860 puerili
1757 1791 1958 1842 aetate
2003 1782 2066 1841 in
2096 1782 2345 1860 publico

252 1885 319 1943 in
351 1891 691 1959 conspectu
721 1881 913 1960 patris
945 1883 1244 1942 adsistere
1274 1892 1450 1960 turpe
1474 1881 1494 1915 ⁸
1525 1883 1775 1943 ducunt.

463 2065 706 2107 Dowries.
765 2066 941 2107 Power
967 2066 1019 2107 of
1048 2066 1318 2107 Husbands
1346 2077 1466 2107 over
1492 2065 1683 2107 wives.
1739 2066 1947 2107 Funeral
1975 2066 2132 2107 Rites.

340 2194 437 2244 19.
497 2184 648 2258 Viri,
712 2193 976 2261 quantas
1034 2185 1327 2262 pecunias
1387 2186 1467 2244 ab
1526 2185 1818 2245 uxoribus
1876 2185 2039 2245 dotis
2097 2184 2345 2245 nomine

255 2293 649 2364 acceperunt,
683 2294 892 2345 tantas
923 2304 998 2344 ex
1029 2294 1157 2344 suis
1187 2287 1370 2346 bonis
1395 2286 1822 2346 aestimatione
1844 2287 2011 2346 facta
2030 2305 2167 2345 cum
2191 2286 2345 2346 doti·
2386 2310 2444 2363 15

255 2390 375 2449 bus
409 2387 882 2446 communicant.
974 2386 1176 2445 Huius
1207 2387 1408 2445 omnis
1454 2386 1753 2463 pecuniae
1783 2387 2157 2446 coniunctim
2188 2386 2346 2447 ratio

256 2489 522 2548 habetur
544 2483 567 2518 ⁹
593 2487 948 2563 fructusque
981 2497 1328 2560 servantur;
1373 2497 1510 2546 uter
1528 2495 1738 2547 eorum
1761 2497 1888 2548 vita
1907 2487 2233 2565 superavit,
2267 2489 2346 2548 ad

257 2608 399 2648 eum
445 2606 590 2665 pars
634 2595 953 2663 utriusque
998 2605 1136 2646 cum
1172 2587 1476 2647 fructibus
1521 2588 1902 2665 superiorum
1923 2585 1965 2621 ¹⁰
2004 2599 2348 2666 temporum

255 2688 559 2768 pervenit.
651 2687 782 2745 Viri
840 2687 904 2745 in
963 2694 1185 2747 uxores
1236 2696 1396 2748 sicut
1447 2688 1511 2746 in
1563 2688 1792 2748 liberos
1841 2698 2003 2750 vitae
2055 2689 2349 2767 necisque

257 2790 495 2850 habent
545 2796 949 2865 potestatem3
995 2797 1057 2847 et
1108 2806 1247 2847 cum
1304 2789 1752 2866 paterfamiliae
1811 2790 2159 2851 inlustriore
2210 2791 2349 2851 loco
2386 2812 2449 2848 20

259 2899 445 2950 natus
485 2885 817 2960 decessit,¹¹
860 2888 994 2948 eius
1038 2888 1368 2966 propinqui
1412 2890 1787 2949 conveniunt
1831 2900 1893 2950 et
1936 2891 2013 2950 de
2058 2901 2268 2964 morte,
2296 2900 2349 2951 si

258 2998 358 3050 res
404 2990 467 3049 in
514 2987 931 3066 suspicionem
961 2989 1148 3062 venit,
1180 2990 1258 3049 de
1303 2990 1594 3050 uxoribus
1625 2989 1688 3049 in
1719 2992 2001 3050 servilem
2026 2989 2072 3024 ¹²
2098 2992 2349 3051 modum
2439 3033 2446 3042 -

259 3089 690 3168 quaestionem
720 3090 972 3161 habent,
1006 3099 1067 3149 et
1106 3099 1165 3148 si
1209 3100 1584 3167 compertum
1632 3101 1743 3163 est,
1779 3100 1907 3168 igni
1948 3101 2132 3169 atque
2161 3092 2350 3152 omni-

259 3193 379 3251 bus
424 3199 748 3251 tormentis
767 3187 812 3222 ¹⁸
854 3190 1235 3249 excruciatas
1279 3189 1669 3251 interficiunt.
1760 3194 2002 3251 Funera
2046 3202 2188 3252 sunt
2238 3200 2352 3270 prc‘>

259 3292 434 3352 cultfi
491 3292 808 3351 Gallorum
866 3290 1191 3368 magnifica
1248 3301 1310 3351 et
1367 3300 1758 3370 sumptuosa;
1806 3293 2134 3371 omniaque
2192 3313 2351 3371 quae
2390 3318 2451 3371 25

259 3389 419 3452 vivis
446 3392 618 3452 cordi
635 3388 676 3423 ¹⁴
697 3391 890 3451 fuisse
916 3391 1288 3451 arbitrantur
1319 3391 1380 3451 in
1414 3401 1618 3470 ignem
1651 3390 1985 3468 inferunt,¹⁵
2013 3395 2197 3454 etiam
2229 3394 2353 3453 ani-

260 3493 482 3565 malia3
528 3511 603 3552 ac
646 3492 834 3569 paulo
879 3501 1066 3568 supra
1109 3492 1271 3552 hanc
1330 3492 1682 3552 memoriam
1734 3503 1895 3553 servi
1953 3504 2015 3554 et
2073 3494 2347 3567 clienteS,

347 3642 431 3693 Cf.
457 3641 479 3676 1
500 3643 762 3695 tumulos.
778 3641 880 3679 —2
903 3643 1092 3694 efflare.
1109 3641 1211 3679 —8
1235 3643 1435 3694 efferre.
1452 3642 1553 3677 —4
1577 3642 1741 3696 facto.
1758 3642 1859 3681 —5
1883 3647 2045 3697 ortos.
2062 3645 2163 3682 -θ
2184 3645 2354 3697 tridi-

257 3728 399 3780 tum.
416 3755 487 3764 —
502 3725 524 3760 ⁷
549 3727 809 3779 moribus.
830 3755 899 3763 —
913 3726 933 3760 ⁸
953 3742 1074 3791 opp.
1100 3728 1404 3808 honestum.
1425 3754 1494 3762 —-
1508 3725 1531 3759 ⁹
1554 3727 1846 3779 conficitur.
1865 3756 1930 3764 —
1942 3727 1985 3761 1⁰
2008 3729 2265 3793 priorum.
2284 3757 2353 3765 —-

258 3807 306 3843 ¹1
325 3812 572 3865 mortuus
596 3813 699 3863 est.
715 3839 784 3848 —
797 3809 842 3843 ¹2
863 3812 1158 3863 servorum.
1174 3838 1242 3847 —-
1256 3809 1299 3843 ¹⁸
1322 3810 1593 3862 cruciatis.
1610 3838 1678 3847 —
1691 3810 1735 3843 ¹⁴
1759 3813 1898 3863 cira.
1914 3840 1983 3848 —
1996 3811 2040 3845 ¹⁶
2063 3812 2349 3877 proiciunt.
