2819 4297
287 283 349 332 B.
375 282 444 332 G.
470 283 533 332 V.
563 281 663 347 58.]
806 269 1009 333 Fresh
1056 269 1340 354 Risings
1388 275 1478 353 of
1505 271 1611 334 tlte
1664 269 1895 334 Gauls.
2255 284 2326 352 15
2340 284 2371 352 5

285 463 501 540 pisset,
536 470 836 521 armatum
868 460 1196 520 concilium
1228 460 1461 519 indicit.
1554 462 1698 520 Hoc
1730 469 1897 521 more
1929 461 2246 522 Gallorum
2282 471 2380 521 est

286 561 533 620 initium
566 561 731 634 belli,
766 568 889 636 quo
920 561 1056 637 lege
1088 570 1396 619 communi
1428 568 1642 619 omnes
1674 558 1970 637 puberes¹
1994 570 2213 621 armati
2241 581 2380 621 con-

286 670 500 720 venire
533 669 869 738 coguntur3
917 670 1022 735 qui
1053 679 1128 718 ex
1166 669 1255 719 eis
1296 661 1670 719 novissimus
1690 657 1712 690 ²
1739 661 1910 721 venit
1943 661 2007 719 in
2044 669 2379 739 conspectu

288 760 701 821 multitudinis
746 761 1033 819 omnibus
1075 760 1449 820 cruciatibus
1495 761 1777 821 adfectus
1828 770 2096 821 necatur.
2185 765 2260 820 In
2304 769 2378 822 eo

287 861 557 922 concilio
590 862 1062 938 Cingetorigem,
1098 861 1347 920 alterius
1378 861 1719 938 principem
1748 862 2053 933 factionis,
2085 881 2379 939 generum

290 957 517 1034 suum,⁸
546 981 725 1037 quem
759 969 944 1037 supra
974 961 1530 1020 demonstravimus
1562 962 1850 1021 Caesaris
1890 972 2164 1021 secutum
2196 963 2376 1022 fidem

288 1063 371 1122 ab
405 1069 480 1121 eo
510 1069 634 1120 non
667 1061 1049 1133 discessisse,
1074 1062 1316 1120 hostem
1343 1061 1574 1120 iudicat
1604 1063 1893 1137 bonaque
1925 1062 2055 1120 eius
2086 1062 2373 1138 publicat.

293 1163 417 1221 His
461 1161 642 1220 rebus
679 1162 985 1221 confectis
1016 1161 1077 1218 in
1110 1161 1372 1220 concilio
1415 1161 1772 1238 pronuntiat
1815 1170 2173 1220 arcessitum
2193 1160 2216 1193 ⁴
2245 1169 2310 1220 se
2340 1170 2378 1222 a

292 1261 647 1323 Senonibus
678 1271 740 1321 et
772 1262 1149 1321 Carnutibus
1192 1261 1452 1339 aliisque
1497 1262 1912 1337 compluribus
1957 1261 2196 1320 Galliae
2240 1261 2379 1320 civi-

289 1362 553 1435 tatibus;
617 1363 737 1421 huc
795 1361 1019 1421 iturum
1070 1380 1178 1438 per
1229 1362 1375 1419 finis
1431 1363 1766 1420 Remorum
1816 1369 2152 1438 eorumque
2199 1370 2379 1439 agros

289 1462 726 1540 populaturum
757 1460 807 1533 ;5
869 1481 946 1521 ac
995 1462 1164 1538 prius
1223 1480 1408 1538 quam
1471 1461 1533 1519 id
1590 1462 1798 1534 faciat,
1858 1473 2063 1520 castra
2120 1462 2377 1521 Labieni

290 1570 817 1639 oppugnaturum:
865 1580 1024 1639 quae
1056 1562 1187 1619 fieri
1216 1561 1364 1620 velit
1394 1557 1733 1638 praecipit.⁶

971 1709 1219 1750 Labienus
1245 1709 1365 1750 Acts
1393 1709 1697 1760 cautiously.

376 1820 473 1869 57.
535 1811 867 1884 Labienus,
899 1829 1036 1869 cum
1084 1821 1147 1869 et
1194 1810 1314 1869 loci
1363 1819 1578 1870 natura
1621 1820 1683 1870 et
1726 1822 1911 1870 manu
1955 1812 2379 1873 munitissimis

291 1921 516 1972 castris
546 1919 685 1971 sese
715 1919 969 1983 teneret,
1001 1911 1078 1969 de
1125 1918 1237 1970 suo
1277 1930 1351 1970 ac
1392 1911 1654 1988 legionis
1699 1913 1973 1988 periculo
2018 1913 2169 1972 nihil
2213 1914 2380 1972 time-

291 2014 431 2087 bat;
496 2019 573 2071 ne
626 2031 811 2089 quam
856 2011 1248 2071 occasionem
1294 2019 1382 2069 rei
1435 2012 1593 2069 bene
1646 2013 1954 2088 gerendae
2007 2011 2379 2072 dimitteret⁷

293 2112 628 2191 cogitabat.
741 2115 964 2189 Itaque
1021 2119 1058 2172 a
1119 2111 1515 2189 Cingetorige
1565 2120 1750 2187 atque
1799 2111 1931 2172 eius
1980 2109 2383 2190 propinquis⁸

294 2214 572 2274 oratione
628 2213 1030 2272 Indutiomari
1083 2212 1332 2289 cognita
1385 2231 1570 2288 quam
1624 2212 1685 2270 in
1738 2212 2002 2272 concilio
2059 2214 2376 2287 habuerat,

293 2314 547 2374 nuntios
607 2314 794 2373 mittit
852 2313 932 2372 ad
988 2309 1332 2372 finitimas⁹
1378 2312 1643 2371 civitatis
1693 2313 2055 2389 equitesque
2108 2314 2380 2390 undique

293 2410 599 2487 ex'tocat;¹⁰
639 2415 737 2473 his
767 2424 996 2474 certam
1027 2414 1187 2473 diem
1220 2413 1633 2473 conveniendi
1664 2413 1829 2473 dicit.
1905 2414 2158 2472 Interim
2190 2434 2380 2492 prope

294 2515 523 2576 cotidie
574 2534 713 2573 cum
761 2524 927 2573 omni
975 2515 1253 2589 equitatu
1302 2513 1764 2573 Indutiomarus
1817 2515 1932 2573 sub
1979 2525 2197 2575 castris
2248 2516 2380 2574 eius

293 2617 653 2695 vagabatur,
703 2615 858 2674 alias
902 2624 969 2674 ut
1020 2614 1202 2674 situm
1226 2608 1264 2644 ¹¹
1316 2621 1653 2674 castrorum
1712 2613 2180 2693 cognosceret‚²²
2229 2616 2380 2676 alias

292 2716 711 2792 conloquendi
748 2723 853 2774 aut
889 2715 1208 2773 territandi
1254 2723 1478 2774 causa:
1524 2714 1761 2791 equites
1806 2717 2163 2792 plerumque
2185 2712 2227 2748 ¹⁸
2260 2736 2382 2775 om·

294 2823 409 2876 nes
459 2816 585 2876 tela
635 2815 795 2875 intra
845 2816 1067 2874 vallum
1128 2814 1538 2874 coniciebant.
1629 2815 1941 2875 Labienus
2015 2823 2161 2875 suos
2223 2817 2382 2876 intra

293 2916 695 2977 munitionem
707 2912 749 2947 ¹⁴
769 2915 1124 2974 continebat
1146 2914 1503 2989 timorisque
1522 2914 1874 2991 opinionem
1893 2916 2380 2994 quibuscumque

292 3026 538 3093 poterat
569 3017 752 3075 rebus
785 3016 1067 3092 augebat.

558 3182 928 3224 Indutiomarus
953 3181 996 3221 is
1026 3180 1263 3221 Defeated
1291 3180 1355 3230 by
1383 3191 1414 3220 a
1442 3181 1639 3222 Sudden
1669 3181 1823 3231 Sally,
1853 3183 1949 3223 and
1978 3182 2129 3224 Slain.

377 3292 472 3342 58.
534 3284 954 3344 Cummaiore
1003 3282 1063 3339 in
1114 3283 1246 3340 dies
1288 3282 1751 3359 contemptione
1795 3283 2253 3344 Indutiomarus
2301 3286 2382 3345 ad

290 3393 496 3444 castra
526 3380 918 3456 accederet,¹⁵
948 3393 1125 3441 nocte
1172 3390 1295 3441 una
1340 3381 1710 3441 intromissis
1755 3382 2069 3460 equitibus
2108 3385 2379 3444 omnium

358 3534 443 3583 Cf.
470 3533 490 3567 1
510 3534 750 3585 iuvenes.
767 3561 835 3570 —
847 3531 870 3564 ²
883 3534 1207 3597 postremus.
1221 3561 1289 3569 —
1302 3530 1324 3563 ⁸
1340 3532 1476 3583 eius.
1493 3560 1562 3568 —
1574 3530 1596 3563 4
1614 3534 1886 3584 vocatum.
1904 3531 2000 3568 —5
2015 3535 2377 3587 vastaturum.

286 3646 356 3655 —-
375 3616 399 3651 ⁶
436 3617 691 3682 imperat.
718 3644 785 3652 —
808 3614 828 3648 ⁷
852 3617 1329 3681 praetermitteret.
1355 3644 1424 3652 —
1445 3614 1466 3647 ⁸
1492 3616 1828 3667 necessariis.
1854 3645 1921 3653 —
1942 3616 1965 3648 ⁹
1996 3617 2286 3682 proximas.
2313 3647 2380 3656 ——

287 3700 328 3733 ¹⁰
354 3700 603 3752 arcessit.
618 3728 686 3737 —
700 3698 740 3732 11
764 3699 957 3751 locum.
971 3728 1037 3736 —
1053 3698 1096 3731 ¹2
1122 3699 1442 3763 exploraret.
1460 3725 1526 3733 —
1545 3696 1588 3730 ¹³
1613 3696 1742 3749 fere.
1763 3727 1830 3735 -
1852 3697 1896 3732 14
1918 3701 2113 3751 castra.
2131 3730 2198 3737 —
2221 3700 2265 3735 1⁵
2285 3703 2381 3754 ad-

288 3785 615 3848 grederetur.

2420 1384 2478 1418 10

2421 2035 2478 2086 15

2419 2536 2480 2571 20

2418 3033 2482 3088 25
