2819 4297
334 274 395 323 Β.
412 273 479 323 G.
501 273 730 339 111.15.]
819 228 1182 345 Campa22n
1228 259 1504 344 against
1547 259 1655 322 the
1707 257 1941 322 Veneti.
2340 259 2423 338 85

333 454 523 533 paule
565 453 788 514 fortius
829 455 1060 514 factum
1105 449 1328 512 latere1
1371 461 1631 529 posset;
1677 458 1892 511 omnes
1936 449 2101 510 enim
2135 449 2324 509 colles
2354 467 2427 508 ac

331 557 470 616 loca
515 555 848 633 superiera,
879 555 1043 614 unde
1088 563 1219 613 erat
1261 553 1646 630 propinquus
1678 552 2008 629 despectus
2037 551 2100 609 in
2132 569 2315 624 mare,
2347 550 2427 610 ab

332 654 604 717 exercitu
632 656 1018 716 tenebantur.
1038 681 1129 761 b

685 805 821 856 They
848 805 1025 846 Defeat
1051 805 1135 845 the
1163 804 1352 854 Enemy
1379 803 1477 844 and
1506 802 1716 853 capture
1742 801 1870 842 their
1898 801 2058 852 ships.

418 934 513 1001 15.
575 924 871 984 Disiectis
906 927 1000 1007 (ut
1046 923 1338 1004 diximus)
1391 931 1715 993 antemnis,
1749 940 1888 980 cum
1931 921 2207 998 singulas
2242 921 2428 981 binae

332 1045 409 1086 ac
437 1035 650 1085 ternae
682 1032 872 1084 naves
903 1025 1451 1101 circumsteterant,
1486 1022 1710 1081 milites
1753 1030 1990 1081 summa
2021 1030 2083 1081 vi
2118 1030 2426 1081 transcen·
2500 1048 2525 1099 5
2614 1081 2623 1088 ,

335 1128 480 1187 dere
511 1126 574 1185 in
615 1125 884 1185 hostium
921 1134 1096 1185 nevis
1141 1125 1621 1184 contendebant.
1712 1123 1898 1196 Quod
1938 1131 2265 1198 postquam
2296 1122 2428 1181 bar-

333 1228 471 1287 bari
499 1229 633 1287 fieri
663 1226 1240 1298 animadverterunt,
1276 1233 1640 1302 expugnatis
1685 1223 2100 1300 compluribus
2144 1222 2422 1294 navibus,

336 1347 478 1388 cum
508 1336 567 1388 ei
604 1335 694 1386 rei
724 1326 951 1385 nullum
984 1332 1350 1403 reperiretur
1387 1324 1696 1396 auxilium,
1730 1324 1876 1400 fuga
1919 1322 2177 1383 salutem
2217 1331 2426 1398 petere

337 2990 810 3051 contenderunt.
898 2993 990 3049 Ac
1020 2991 1142 3050 iam
1172 3000 1488 3051 conversis
1514 2991 1574 3049 in
1601 3011 1734 3051 eam
1759 3002 1994 3069 partem
2021 2994 2280 3053 nevibus
2304 3002 2428 3071 que

336 3100 562 3150 ventus
591 3091 844 3163 ferebat,
880 3100 1055 3150 tanta
1086 3091 1292 3152 subite
1335 3091 1599 3151 malacia
1635 3113 1707 3153 ac
1747 3094 2155 3169 tranquillitas
2197 3096 2429 3155 exstitit
2469 3125 2528 3160 10

337 3200 409 3249 ut
452 3197 518 3251 se
563 3211 638 3251 ex
695 3192 835 3251 loce
879 3200 1125 3252 movere
1169 3181 1294 3253 nen
1339 3201 1615 3269 possent.
1705 3194 1881 3268 Quae
1914 3194 2160 3271 quidem
2206 3203 2303 3255 res
2349 3197 2428 3256 ad

337 3291 658 3369 negotium
745 3293 1196 3352 conficiendum
1282 3292 1547 3352 maxime
1618 3294 1736 3354 fuit
1807 3305 2197 3371 opportuna3
2285 3317 2427 3356 nam

338 3391 614 3469 singulas
659 3402 854 3452 nostri
897 3401 1236 3453 censectati
1280 3402 1802 3471 expugnaverunt,
1852 3406 1917 3454 ut
1962 3416 2307 3473 perpaucae
2352 3418 2428 3457 ex

339 3501 510 3551 omni
541 3501 796 3553 numere
842 3494 1425 3553 noctisinterventfl
1471 3495 1549 3553 ad
1594 3504 1813 3555 terram
1847 3497 2255 3572 pervenerint,
2289 3518 2425 3558 cum

338 3592 418 3652 ab
448 3592 600 3654 here
628 3594 756 3653 fere
789 3612 888 3652 1111
919 3604 1112 3670 fisque
1145 3596 1224 3654 ad
1255 3594 1404 3655 selis
1439 3603 1724 3654 occasum
1760 3604 2150 3673 pugnaretur.
2466 3626 2486 3659 ι
2499 3624 2526 3678 5

1018 3777 1101 3830 Cf.
1128 3776 1147 3810 1
1171 3778 1439 3844 latebant,
1466 3794 1515 3844 p.
1541 3778 1620 3836 62,
1644 3779 1679 3827 1.
1709 3793 1783 3843 19.
