2819 4297
458 283 587 344 208
1111 322 1117 327 -
1184 281 1317 345 lee
1368 281 1586 345 Gallie
1635 281 1804 346 War.
2267 367 2284 379 ⁶
2315 293 2543 359 [Casu

455 479 658 530 castra
716 471 939 533 adduci
999 467 1207 548 velit²;
1280 470 1758 551 sagittariosque
1816 480 2037 546 omnis,
2097 478 2360 550 querum
2415 482 2549 534 erat

456 583 826 653 permagnus
856 576 919 634 in
944 577 1147 636 Gallia
1176 596 1483 650 numerus,
1519 573 1833 652 conquiri²
1866 585 1929 635 et
1958 576 2038 634 ad
2070 583 2137 635 se
2167 576 2327 635 mitti
2356 575 2542 636 iubet.

459 673 583 731 His
629 673 814 732 rebus
861 674 1142 734 celeriter
1189 675 1252 734 id
1304 674 1472 752 quod
1520 676 1771 735 Avarici
1826 671 2210 754 deperierat⁸
2252 674 2547 753 expletur.

460 771 713 831 Interim
771 773 1194 848 TeutomatuS,
1254 775 1641 835 Ollovicenis
1697 775 1886 849 filim,
1945 782 2054 834 rex
2111 775 2545 855 Nitiobrigum‚

397 886 421 939 5
458 871 630 931 cilius
679 880 857 948 pater
903 874 981 932 ab
1026 882 1245 933 senatu
1288 882 1502 935 nostre
1548 883 1782 934 amicus
1827 885 1959 935 erat
2003 876 2365 954 appellatus
2409 896 2547 937 cum

459 978 682 1047 magne
713 980 969 1032 numere
1012 973 1287 1050 equitum
1331 982 1578 1034 suerum
1626 983 1688 1034 et
1734 982 1891 1051 ques
1935 995 2012 1035 ex
2042 976 2380 1052 Aquitania:
2410 994 2547 1036 con-

458 1070 716 1131 duxerat
746 1071 825 1132 ad
856 1092 998 1132 eum
1028 1071 1350 1151 pervenit.⁴

807 1255 912 1297 The
940 1255 1120 1298 Haedui
1145 1256 1329 1308 Appeal
1355 1262 1409 1298 to
1436 1257 1604 1300 Coesar
1628 1262 1682 1300 to
1710 1258 1867 1301 settle
1893 1270 1924 1300 a
1950 1258 2173 1311 Dispute.

541 1381 636 1431 32.
699 1375 934 1435 Caesar
964 1374 1213 1434 Avarici
1242 1376 1575 1452 compluris
1617 1375 1751 1435 dies
1781 1385 2196 1436 commoratus
2225 1396 2547 1437 summam-

458 1493 578 1550 que
609 1473 695 1533 ibi
724 1475 967 1552 cepiam
996 1475 1287 1534 frfimenti
1316 1485 1378 1535 et
1408 1475 1626 1552 reliqui
1644 1472 1668 1508 ⁶
1708 1485 2087 1536 commeatus
2118 1486 2352 1550 nactus,
2387 1496 2549 1537 exer-

366 1592 424 1628 10
460 1575 647 1633 citum
698 1593 774 1633 ex
821 1570 1074 1632 labere⁶
1123 1583 1308 1650 atque
1360 1574 1570 1652 inopie,
1620 1575 1832 1636 reficit.
1922 1578 2055 1634 Iam
2103 1595 2295 1652 prope
2348 1576 2550 1636 hieme

460 1674 764 1747 cenfectfi„
790 1693 1031 1733 —cum
1089 1673 1227 1751 ipse
1278 1684 1424 1733 anni
1476 1685 1753 1753 tempore
1802 1676 1883 1734 ad
1928 1677 2268 1754 gerendum
2318 1677 2546 1736 bellurn

458 1781 778 1834 vocaretur
809 1783 871 1832 et
902 1774 981 1835 ad
1013 1775 1255 1834 hostem
1299 1776 1609 1852 proficisci
1650 1775 2089 1849 censtituisset,
2124 1785 2254 1836 sive
2295 1796 2435 1836 eum
2475 1800 2546 1837 ex

459 1875 789 1953 paludibus
820 1874 1117 1951 silvisque
1162 1874 1383 1935 elicere
1429 1884 1559 1935 sive
1603 1874 1970 1937 obsidiene'¹
2006 1896 2281 1953 premere
2312 1889 2545 1955 posset,

459 1976 742 2052 —legeti
787 1975 866 2036 ad
912 1995 1052 2036 eum
1095 1976 1409 2053 principes
1457 1977 1863 2035 Haeduerum
1905 1977 2162 2037 veniunt
2205 1985 2446 2039 eretum
2485 1992 2551 2039 ut

364 2098 423 2152 ¹5
458 2076 721 2135 maxime
774 2076 1127 2136 necessarie
1183 2085 1461 2154 tempore
1514 2076 1752 2136 civitati
1809 2075 2198 2137 subveniat⁸z
2260 2079 2550 2141 ‘Summe

456 2196 594 2237 esse
640 2178 702 2236 in
748 2179 1024 2255 pericule
1068 2196 1233 2251 rem3
1279 2177 1467 2254 quod,
1505 2160 1645 2236 cum
1690 2177 1917 2255 singuli
1960 2179 2354 2258 magistratus
2399 2191 2548 2241 anti-

456 2277 663 2355 quitus
694 2286 889 2338 creari
921 2288 1106 2355 atque
1138 2277 1368 2355 regiam
1414 2287 1786 2356 potestatem
1830 2298 2058 2338 annum
2096 2280 2374 2340 obtinere
2404 2289 2525 2342 cen

456 2386 759 2451 suessent,
819 2379 945 2437 duo
1001 2378 1428 2454 magistratum
1483 2388 1718 2455 gerant,
1773 2389 1836 2438 et
1893 2386 1960 2438 se
2018 2390 2275 2456 uterque
2332 2388 2546 2441 eerum

456 2479 696 2556 legibus
738 2485 1011 2537 ereetum
1059 2476 1243 2538 dicat.
1334 2480 1578 2539 Herum
1624 2497 1762 2538 esse
1807 2478 2065 2538 alterum
2112 2481 2547 2541 Convictolita-

358 2597 421 2633 κο
456 2597 611 2650 vem,
645 2576 1005 2639 florentem⁹
1034 2588 1095 2638 et
1127 2578 1447 2637 inlustrem
1479 2579 1975 2653 adulescentem3
2022 2580 2278 2639 alterum
2300 2583 2543 2654 Cotum,

455 2678 884 2756 antiquissime,
906 2674 949 2710 ¹⁰
974 2678 1208 2738 familie.
1237 2687 1467 2751 natum,
1497 2688 1682 2755 atque
1706 2679 1909 2756 ipsum
1933 2680 2245 2740 hominem
2269 2701 2546 2742 summae

454 2780 766 2857 potentiae
788 2775 829 2811 ¹¹
871 2789 934 2839 et
977 2788 1239 2857 magnae
1283 2778 1693 2856 cegnetioni8‚
1734 2779 1909 2840 cuius
1953 2781 2143 2840 frater
2185 2781 2545 2843 Valetiacus

454 2881 733 2959 proxime
764 2888 929 2939 anne
959 2881 1224 2939 eundem
1248 2880 1672 2957 magistratum
1693 2881 1971 2958 gesserit.
2054 2882 2381 2942 Civitatem
2405 2902 2543 2944 esse

452 3001 697 3042 omnem
738 2980 800 3039 in
847 2990 1052 3055 armiS‚
1101 2979 1367 3040 divisum
1413 2989 1712 3054 senatum,
1744 2981 2008 3040 divisum
2052 2982 2363 3059 populum,
2398 2992 2544 3043 sues

357 3098 416 3151 25
454 3081 751 3158 cuiusque
783 3089 996 3140 eerum
1041 3077 1426 3139 clientelasfl
1511 3080 1699 3154 Quod
1745 3088 1799 3140 si
1842 3080 2076 3141 diiitius
2113 3081 2312 3141 alatur
2334 3078 2379 3114 ¹⁸
2405 3102 2544 3143 con-

452 3181 766 3253 treversia,
798 3182 930 3240 fore
962 3190 1050 3239 uti
1095 3199 1239 3258 pars
1284 3199 1426 3241 cum
1470 3190 1643 3257 parte
1689 3180 1956 3240 civitatis
2001 3182 2323 3259 cenfligat3
2371 3181 2434 3241 id
2465 3191 2543 3242 ne
2609 3201 2616 3207 ·

454 3281 695 3342 accidat
723 3280 996 3359 positum
1027 3280 1089 3339 in
1122 3280 1255 3339 eius
1285 3280 1604 3358 diligentia
1635 3290 1819 3358 atque
1852 3282 2256 3341 aucteritzite)

519 3431 602 3482 Cf.
626 3430 647 3465 ¹
666 3448 786 3497 opp.
806 3432 963 3484 uelit.
980 3459 1048 3468 -
1062 3429 1086 3464 ²
1108 3430 1246 3495 cegi.
1266 3458 1333 3466 —
1346 3429 1369 3463 ⁸
1389 3430 1690 3482 interierat.
1707 3459 1775 3467 —
1787 3430 1807 3463 ⁴
1827 3446 1946 3494 opp.
1967 3431 2239 3482 discessit.
2255 3428 2360 3468 —5
2375 3432 2539 3484 alius.

450 3515 552 3554 -θ
575 3532 696 3581 opp.
721 3517 922 3581 quiete.
942 3544 1010 3552 --
1027 3513 1048 3547 ⁷
1070 3513 1397 3566 obsessiene.
1420 3541 1487 3548 —
1502 3512 1523 3545 Β
1548 3516 1838 3564 succurrat.
1862 3543 1927 3549 —
1944 3513 1966 3546 ⁹
1990 3515 2255 3579 amplum.
2271 3511 2398 3550 —10
2421 3527 2536 3580 opp

452 3599 775 3652 novissimi.
791 3626 859 3634 —
872 3596 915 3631 11
938 3597 1307 3650 aucterititis.
1324 3624 1392 3633 —
1406 3595 1450 3629 12
1475 3596 1721 3647 clientes.
1737 3623 1805 3631 —
1820 3594 1864 3628 ¹⁸
1885 3598 2166 3661 augeatur.
