2819 4297
467 299 590 367 154
1185 284 1317 347 The
1370 284 1587 347 Gallie
1638 285 1806 348 War.
2311 294 2542 362 [cmx

453 476 643 538 valuit
692 496 829 538 esse
882 476 1123 555 aliques
1173 484 1450 554 repertos
1501 476 1812 554 principes
1858 476 2005 536 belli
2056 476 2380 549 inferendi,
2414 485 2541 535 tan-

454 589 701 655 tamque
746 578 1033 637 omnibus
1077 577 1463 637 voluntatum
1507 577 2048 636 commutatienem
2095 573 2337 635 attulit¹
2374 586 2537 635 ut—

454 689 696 757 praeter
727 678 1029 737 Haedues
1060 686 1121 736 et
1164 679 1414 748 Remes‚
1450 683 1607 751 quos
1650 676 1984 752 praecipue
2024 694 2268 753 semper
2304 676 2539 737 honere

455 782 685 840 Caesar
716 777 948 850 habuit,
983 776 1207 836 alteres
1248 784 1360 853 pre
1389 786 1595 836 vetere
1626 794 1702 835 ac
1733 784 2031 852 perpetua
2068 784 2212 852 erga
2243 776 2538 852 populum

392 898 418 952 5
457 881 802 938 Remanum
835 877 973 950 fide,
1008 876 1235 936 alteres
1279 884 1392 953 pre
1437 876 1790 935 recentibus
1831 874 2055 935 Gallici
2098 875 2244 935 belli
2284 875 2542 935 officiis2

452 979 720 1037 —nfilla
748 979 877 1037 fere
908 977 1127 1037 civitas
1156 977 1344 1037 fuerit
1377 985 1501 1036 non
1534 986 1824 1054 suspecta
1855 976 2053 1035 nobis,
2147 977 2343 1051 quue
2382 979 2539 1036 adeo

454 1080 618 1139 haud
650 1079 780 1139 scie
811 1078 1238 1137 mirandumne
1281 1078 1379 1151 sit,
1414 1097 1550 1136 cum
1584 1076 2003 1153 compluribus
2035 1076 2171 1135 aliis
2202 1077 2281 1135 de
2312 1086 2537 1148 causiS,

453 1190 582 1240 tum
620 1180 882 1239 maxime
925 1180 1091 1255 quod
1123 1187 1228 1255 qui
1257 1179 1479 1237 virtute
1520 1178 1665 1236 belli
1708 1176 1996 1235 omnibus
2035 1175 2326 1253 gentibus
2369 1195 2540 1254 prae-

450 1276 853 1350 ferebantur,⁸
907 1290 1145 1339 tantum
1205 1285 1272 1337 se
1338 1278 1471 1336 eius
1539 1273 1894 1353 opinienis⁴
1949 1274 2417 1353 deperdidisse⁵
2475 1288 2541 1337 ut

358 1397 418 1434 ro
454 1381 664 1457 populi
710 1382 974 1439 Romani
1020 1379 1271 1455 imperia
1317 1379 1675 1455 perferrent,
1722 1376 2080 1454 gravissime
2124 1376 2439 1436 dolebant.

1141 1527 1362 1576 Activity
1388 1527 1441 1568 of
1468 1527 1848 1567 Indutiomarus.

537 1641 632 1691 55.
691 1633 945 1690 Treveri
988 1636 1133 1689 vero
1178 1640 1363 1705 atque
1411 1627 1870 1687 Indutiomarus
1915 1634 2104 1687 tetius
2148 1627 2367 1688 hiemis
2413 1629 2541 1687 nul-

454 1733 579 1792 lum
623 1742 866 1808 tempus
911 1731 1367 1789 intermiserunt
1409 1738 1556 1806 quin
1597 1736 1769 1787 trans
1816 1728 2097 1787 Rhenum
2137 1729 2376 1806 legates
2407 1729 2541 1788 mit-

454 1841 669 1905 terent,
704 1831 970 1891 civitatis
1015 1829 1434 1899 sollicitarent,
1474 1829 1769 1905 pecunias
1821 1827 2269 1904 pollicerentur,
2310 1837 2540 1906 magna

452 1944 625 2012 parte
670 1932 973 1992 exercitus
1017 1939 1208 1990 nostri
1254 1930 1578 1988 interfecta
1623 1930 1814 1987 multe
1862 1928 2156 1987 minorem
2210 1946 2540 2004 superesse

358 2045 417 2098 15
454 2036 730 2094 dicerent
774 2043 1026 2111 partem.
1120 2033 1338 2106 Neque
1386 2039 1595 2088 tamen
1646 2028 1752 2087 ulli
1803 2028 2037 2087 civitati
2087 2030 2537 2088 Germanerum

453 2136 810 2214 persuaderi
841 2133 1038 2212 potuit
1069 2140 1133 2191 ut
1169 2131 1455 2190 Rhenum
1486 2137 1792 2201 transiret,
1826 2147 1961 2188 cum
2005 2135 2071 2188 se
2111 2128 2208 2188 bis
2248 2137 2540 2206 expertos

453 2238 743 2309 dicerent,
780 2235 1073 2294 Ariovisti
1109 2233 1274 2292 bello
1305 2239 1367 2289 et
1396 2231 1841 2290 Tencterorum
1888 2231 2181 2300 transitu3
2226 2237 2352 2289 nen
2398 2249 2539 2290 esse

454 2338 716 2415 amplius
759 2337 1066 2395 fortunam
1111 2338 1536 2409 tempta-ituros
1629 2331 1772 2389 Hac
1818 2337 1927 2406 spe
1974 2326 2225 2406 lapsus⁸
2264 2330 2537 2389 Indutio-

452 2446 657 2498 marus
716 2435 910 2494 nihile
968 2434 1170 2492 minus
1230 2431 1446 2508 cepias
1504 2426 1767 2507 cogere,⁷
1812 2436 2111 2501 exercere,
2165 2437 2203 2488 a
2252 2430 2537 2490 finitimis

354 2556 418 2592 20
453 2546 648 2614 eques
706 2533 967 2614 parare,⁸
1024 2534 1268 2593 exsules
1328 2532 1779 2605 damnatesque
1838 2537 1969 2589 tota
2026 2530 2228 2589 Gallia
2293 2538 2537 2607 magnis

453 2637 740 2715 praemiis
792 2636 870 2695 ad
923 2642 990 2694 se
1043 2634 1306 2693 adlicere
1359 2631 1580 2708 coepit.
1670 2633 1761 2689 Ac
1811 2639 2044 2688 tantam
2098 2629 2217 2688 sibi
2270 2630 2390 2687 iam
2436 2631 2536 2690 his

450 2739 634 2798 rebus
680 2738 742 2796 in
788 2736 992 2796 Gallia
1036 2732 1462 2793 aucteritatem
1507 2726 2013 2807 comparaverat⁹
2042 2739 2106 2791 ut
2146 2731 2417 2807 undique
2454 2732 2535 2790 ad

451 2857 591 2898 eum
636 2837 976 2915 legatienes
1021 2842 1474 2905 concurrerent,
1517 2830 1780 2908 gratiam
1825 2839 2010 2908 atque
2056 2830 2385 2890 amicitiam
2430 2840 2536 2908 pu·

450 2938 610 2998 blice
641 2937 1047 3015 privatimque
1078 2943 1376 3012 peterent.

660 3087 812 3137 Many
839 3085 1010 3127 'tribes
1036 3084 1146 3136 Join
1175 3084 1295 3132 him,
1327 3083 1424 3123 and
1452 3082 1514 3122 he
1543 3081 1752 3122 Decides
1779 3085 1832 3121 to
1859 3080 2039 3122 Attaek
2068 3080 2332 3122 Labienus.

353 3205 413 3258 25
534 3197 625 3249 56.
688 3188 817 3248 Ubi
876 3186 1173 3246 intellexit
1232 3185 1390 3245 ultre
1451 3183 1530 3242 ad
1589 3190 1656 3242 se
1714 3192 1925 3254 veniri,
1981 3183 2172 3242 altera
2229 3201 2304 3241 ex
2361 3193 2535 3260 parte

454 3291 732 3349 Senones
755 3290 1184 3363 Carnutesque
1204 3283 1587 3345 censcientia
1606 3282 1899 3341 facinoris
1912 3277 1956 3313 ¹⁰
1977 3278 2319 3360 instigari,¹¹
2344 3282 2536 3342 altera

452 3390 714 3450 Nervies
747 3388 1231 3462 Aduatucesque
1275 3384 1507 3442 bellum
1555 3386 1855 3442 Romanis
1900 3391 2135 3459 parare,
2170 3401 2371 3458 neque
2417 3382 2537 3441 sibi

447 3490 928 3550 voluntarierum
959 3487 1171 3564 cepias
1211 3485 1426 3544 defore
1457 3493 1509 3542 si
1540 3503 1615 3541 ex
1644 3482 1877 3542 finibus
1921 3491 2049 3540 suis
2088 3481 2373 3558 pregredi
2404 3500 2538 3541 coe-

533 3639 615 3689 Cf.
639 3638 660 3673 ¹
678 3639 873 3691 effecit.
889 3666 957 3674 —
969 3636 993 3669 2
1014 3637 1195 3701 opere.
1211 3633 1315 3672 —8
1335 3634 1788 3700 prepenebantur.
1807 3660 1872 3668 —-
1886 3631 1905 3663 ⁴
1925 3630 2125 3682 famae.
2143 3658 2211 3667 —
2223 3629 2245 3662 ⁶
2261 3630 2533 3682 emisisse.

443 3750 513 3759 —
523 3722 547 3757 ⁰
567 3724 827 3776 deiectus.
844 3749 912 3758 —
925 3719 945 3753 ⁷
962 3717 1220 3773 cenferre.
1235 3746 1306 3757 --
1317 3717 1339 3751 ⁸
1356 3717 1684 3781 comparere.
1699 3742 1766 3752 —
1778 3714 1801 3747 ⁹
1819 3714 2144 3778 conlegerat.
2162 3741 2229 3749 ——
2242 3711 2285 3746 ¹⁰
2298 3713 2532 3766 sceleris.

442 3833 514 3843 .-
526 3803 570 3839 u
593 3805 820 3871 impelli,
