2819 4297
261 292 319 341 Β.
339 291 404 341 G.
429 292 555 340 VII.
580 292 681 359 52·]
717 282 1038 368 Uprz'sz‘ng
1063 286 1146 367 of
1173 284 1359 348 Gaul
1384 288 1600 350 under
1636 288 2129 370 Vercingetorix.
2224 305 2348 350 221

259 473 631 551 ducibusque
670 474 1021 536 interfectis
1079 477 1348 554 reliques
1405 487 1444 537 e
1503 487 1681 555 porte
1726 479 1974 555 paulum
2025 480 2352 540 submevit.
2376 507 2389 516 ·

261 574 656 651 Cenantibus
705 573 1021 635 auxilieri¹
1069 587 1215 650 suis,
1265 580 1634 651 “Frustre,''
1667 578 1887 657 inquit,
1923 587 2154 639 “meae
2197 589 2357 641 vitae

260 671 632 735 subvenire²
663 676 992 750 cenemini,
1025 696 1207 754 quem
1253 677 1374 737 iam
1420 679 1674 756 sanguis
1718 686 2004 756 viresque
2037 680 2353 740 deficiunt.

262 774 532 835 Proinde
563 776 726 835 abite
771 777 917 835 dum
962 787 1059 837 est
1106 776 1415 838 facultes⁸
1459 787 1693 856 vesque
1739 780 1818 838 ad
1864 779 2170 858 legienem
2210 780 2358 839 reci-

259 872 491 953 pite.’'⁴
577 878 675 936 Ita
719 886 1002 955 pugnetis
1047 888 1189 955 post
1231 879 1482 956 paulum
1541 879 1815 940 concidit
1870 899 1945 939 ac
1991 888 2121 939 suis
2172 881 2357 940 saluti
2430 901 2455 953 5

258 975 393 1036 fuit.

889 1094 993 1134 The
1020 1094 1240 1135 Romans
1268 1106 1349 1135 are
1377 1095 1561 1137 Driven
1589 1096 1739 1137 Back.

345 1220 442 1269 51.
504 1214 716 1272 Nostri
746 1231 884 1271 cum
918 1212 1190 1290 undique
1222 1212 1689 1290 premerentur,¹⁵
1718 1233 1868 1274 XLvi
1890 1217 2356 1277 centurienibus

260 1312 510 1372 emissis
559 1310 826 1372 deiecti⁶
868 1322 1013 1371 sunt
1057 1313 1229 1386 loc63
1290 1314 1403 1373 sed
1462 1314 1889 1374 intolerantius
1935 1316 2150 1375 Galles
2201 1326 2355 1376 inse-

262 1421 511 1489 quentis
542 1412 703 1489 legic‘)
748 1430 793 1471 x
834 1412 1115 1486 tardavit,
1149 1433 1310 1490 quae
1353 1421 1468 1491 pre
1513 1414 1794 1475 subsidie
1836 1415 2022 1493 paule
2067 1416 2355 1492 aequiere

260 1513 402 1573 loce
433 1513 812 1572 censtiterat.
904 1515 1092 1573 Hanc
1121 1523 1329 1573 rursus
1360 1532 1486 1573 xm
1518 1515 1778 1593 legienis
1801 1517 2088 1575 cohortes
2108 1524 2355 1593 excepe-
2399 1533 2457 1569 10

261 1623 423 1686 runt,
485 1632 644 1689 quae
702 1632 779 1672 ex
836 1623 1055 1674 castris
1114 1614 1457 1685 mineribus
1516 1616 1777 1675 eductae
1836 1634 1977 1676 cum
2021 1618 2094 1675 T.
2148 1618 2357 1677 Sextio

262 1715 469 1791 legite
513 1720 808 1790 ceperant
851 1715 1051 1773 locum
1098 1715 1494 1791 superiorem.
1585 1716 1894 1793 Legienes
1938 1716 2043 1776 ubi
2095 1726 2356 1793 primum

264 1812 586 1891 planitiem
632 1813 984 1891 attigerunt,
1021 1815 1267 1874 infestis
1310 1824 1526 1875 contre
1569 1816 1813 1875 hostem
1845 1825 2041 1893 signis
2070 1816 2355 1876 censtite-

263 1923 424 1973 runt.
512 1913 982 1991 Vercingetorix
1026 1915 1103 1973 ab
1147 1912 1506 1975 ⁷rad1cibus
1550 1915 1729 1975 collis
1771 1923 1919 1975 sues
1964 1917 2125 1976 intre
2169 1926 2357 1975 muni-

263 2014 468 2074 tienes
533 2014 790 2074 reduxit.
910 2017 1001 2074 Ee
1059 2014 1160 2074 die
1225 2014 1449 2075 milites
1510 2026 1655 2076 sunt
1723 2016 1911 2092 paule
1974 2016 2177 2076 minus
2234 2033 2359 2077 DCC
2398 2030 2459 2085 15

266 2115 619 2176 desiderati.

385 2297 553 2340 Caesar
579 2299 828 2349 Reproves
856 2298 935 2339 his
963 2298 1179 2340 soldier-s
1206 2299 1283 2340 for
1308 2303 1394 2340 too
1431 2299 1580 2341 Great
1609 2299 1901 2351 Eagemess,
1931 2300 2018 2342 but
2047 2301 2242 2342 Praises

1114 2366 1244 2407 their
1272 2366 1510 2418 Courage.

351 2492 447 2542 52.
509 2486 766 2544 Posterc‘)
810 2484 910 2543 die
958 2486 1190 2544 Caesar
1234 2484 1526 2544 contiene
1570 2486 1871 2545 advocate
1909 2483 2363 2546 temeritatem⁸

267 2584 794 2662 cupiditatemque
826 2583 1083 2644 militum
1129 2581 1573 2661 reprehendit,⁹
1615 2586 1785 2662 quod
1827 2585 1947 2645 sibi
1977 2586 2095 2662 ipsi
2134 2586 2360 2647 iudice-

268 2685 504 2744 vissent
534 2693 658 2761 que
688 2685 1147 2760 precedendum
1173 2696 1277 2744 aut
1301 2685 1451 2761 quid
1476 2687 1781 2763 agendum
1806 2685 2131 2759 videretur,
2158 2706 2360 2764 neque

268 2791 448 2862 signe
478 2784 817 2860 recipiendi
849 2785 994 2844 date
1032 2784 1464 2846 constitissent
1507 2805 1708 2861 neque
1738 2794 1776 2844 e
1807 2785 2070 2845 tribunis
2100 2786 2359 2846 militum
2398 2811 2461 2848 20

267 2885 608 2963 legatisque
633 2884 880 2943 retineri
920 2884 1287 2961 potuissent.
1378 2885 1678 2962 Exposuit
1721 2885 1872 2960 quid
1917 2886 2210 2962 iniquitas
2241 2887 2361 2947 loci

267 2993 500 3062 posset,
534 2985 700 3060 quod
733 2985 870 3061 ipse
910 2985 991 3044 ad
1037 2985 1366 3045 Avaricum
1416 2985 1730 3056 sensisset,
1763 3004 1903 3043 cum
1949 2986 2082 3046 sine
2113 2986 2270 3046 duce
2301 2997 2362 3046 et

267 3086 403 3144 sine
451 3084 726 3160 equitatu
773 3085 1179 3162 deprehensis
1221 3085 1507 3145 hostibus
1543 3085 1931 3162 ‘exploratam
1952 3082 1993 3118 ¹⁰
2040 3086 2361 3146 victeriam

267 3184 621 3257 dimisisset,
675 3191 752 3243 ne
804 3204 1061 3261 parvum
1123 3184 1309 3244 modo
1369 3185 1801 3244 detrimentum
1854 3185 1918 3244 in
1964 3186 2361 3246 contentiene

268 3294 520 3362 propter
565 3285 951 3360 iniquitatem
996 3285 1116 3344 loci
1175 3284 1501 3345 accideret.
1593 3285 1846 3359 Quante
1905 3305 2091 3363 opere
2150 3294 2362 3346 eerum
2399 3309 2460 3362 25

268 3385 458 3445 animi
489 3384 974 3462 magnitudinem
1008 3385 1427 3457 admiraretur,
1456 3392 1613 3461 ques
1645 3393 1768 3445 nen
1800 3394 2142 3446 castrorum
2172 3397 2362 3447 muni·

265 3486 489 3558 tieneS‚
521 3491 648 3544 nen
680 3483 940 3543 altitude
970 3484 1217 3556 montiS‚
1252 3492 1375 3544 nen
1398 3494 1605 3543 murus
1631 3486 1844 3562 oppidi
1867 3486 2112 3545 tardere
2137 3487 2364 3563 potuis·

352 3633 437 3685 Cf.
460 3632 484 3668 ¹
506 3634 712 3687 iuvere.
728 3631 829 3670 —2
851 3633 1122 3686 auxilium
1145 3630 1303 3684 ferre.
1322 3631 1426 3670 —8
1451 3635 1714 3698 potestas.
1732 3633 1835 3670 -4
1858 3632 2073 3686 referte.
2089 3663 2156 3672 —
2170 3633 2193 3668 ⁵
2210 3638 2363 3699 urge-

265 3720 470 3771 rentur.
486 3716 589 3754 -θ
611 3718 834 3782 repulsi.
851 3717 949 3753 —7
974 3717 1161 3768 infime
1195 3718 1348 3768 colle.
1365 3715 1467 3753 -s
1493 3732 1613 3780 opp.
1641 3718 2009 3782 prfidentiam.
2027 3717 2128 3755 —⁹
2154 3718 2366 3770 inmise-

263 3802 370 3854 vit.
389 3797 515 3838 —10
537 3802 758 3852 certam.
2003 3818 2004 3821 ¹
