2819 4297
273 299 330 345 Β.
349 296 419 345 G.
439 296 565 344 VII.
586 296 690 361 3¹·]
725 286 1044 370 Uprising
1068 292 1156 369 of
1174 288 1362 351 Gaul
1386 290 1599 352 under
1635 291 2129 374 Vercz'ngetorzlr.
2230 309 2361 374 207

571 540 708 592 They
735 552 818 582 are
844 541 1064 593 Inspired
1090 543 1155 593 by
1183 543 1262 583 his
1287 540 1473 595 Appia!
1500 548 1553 585 to
1581 545 1829 586 Renewed
1857 545 2063 587 Efferts.

357 668 453 718 30.
516 660 660 719 Fuit
690 660 844 719 haec
876 661 1071 720 eratie
1104 669 1229 720 nen
1275 662 1513 739 ingrata
1556 663 1770 737 Gallis,
1802 674 1864 722 et
1904 664 2165 723 maxime
2195 666 2362 742 quod

274 762 410 838 ipse
444 761 653 821 anime
683 767 808 821 nen
841 761 1152 820 defecerat
1172 757 1190 792 ¹
1221 769 1393 821 tante
1425 770 1683 839 accepte
1720 762 2127 837 incommode,
2163 783 2363 841 neque

270 868 336 920 .ςέ
357 862 423 919 in
454 860 763 920 occultum
785 858 808 891 ²
834 861 1157 920 abdiderat
1203 872 1264 921 et
1297 870 1700 939 censpectum
1744 864 2155 923 multitfidinis
2199 866 2364 943 fuge-

272 971 367 1021 rat
386 957 436 1034 ὃς
483 960 746 1038 plfisque
777 961 983 1020 anime
1014 962 1335 1037 previdere
1367 972 1430 1021 et
1459 972 1838 1039 praesentire
1882 964 2360 1038 existimabatur,

273 1061 444 1139 quod
474 1068 539 1121 re
569 1062 807 1138 integra
835 1069 1032 1138 prime
1063 1062 1517 1122 incendendum
1544 1063 1891 1136 Avaricum,
1919 1074 2061 1141 post
2084 1065 2365 1124 deseren-
2436 1096 2462 1148 5

273 1163 421 1221 dum
483 1168 822 1222 censuerat.
915 1164 1154 1239 Itaque,
1219 1172 1284 1221 ut
1341 1163 1714 1239 reliquerum
1774 1164 2206 1241 imperaterum
2266 1172 2363 1223 res

274 1260 612 1321 adversae⁴
668 1262 1095 1321 aucteritatem
1152 1261 1453 1335 minuunt,
1500 1260 1630 1322 sic⁸⁵
1684 1263 1867 1323 hfiius
1924 1282 2000 1323 ex
2057 1264 2363 1324 contrarie

869 1926 970 1968 Fra.
996 1930 1059 1978 96.
1076 1926 1260 1969 —Com
1286 1939 1343 1969 οι*
1369 1940 1466 1969 ‘rna
1494 1929 1763 1971 Bia-umens.

274 2076 545 2156 dignitas
589 2077 983 2138 incommode
1028 2086 1285 2157 accepte
1330 2078 1392 2137 in
1441 2078 1574 2138 dies
1619 2081 1973 2158 augebatur.
2066 2083 2259 2141 Simul
2295 2084 2358 2143 in

272 2197 447 2255 spem
491 2178 827 2240 veniebant
869 2179 1001 2239 eius
1046 2179 1478 2240 adfirmatis->ne
1521 2180 1600 2239 de
1644 2181 1895 2257 reliquis
1948 2182 2360 2261 adiungendis

271 2280 660 2353 civitatibus;
721 2289 1109 2358 primumque
1170 2288 1246 2341 ee
1304 2289 1581 2357 tempore
1640 2282 1803 2342 Galli
1862 2293 2065 2343 castra
2121 2294 2358 2345 munire
2396 2309 2457 2346 10

273 2381 687 2453 instituerunt,
721 2391 785 2441 et
825 2390 915 2441 sic
955 2390 1132 2441 erant
1166 2381 1372 2440 anime
1415 2382 1777 2455 cenfirmati‚
1811 2383 2093 2444 homines
2134 2393 2357 2445 insueti

271 2479 517 2553 laberiS,
551 2490 619 2540 ut
662 2481 871 2541 omnia
914 2501 1073 2559 quae
1120 2481 1566 2559 imperarentur
1611 2482 1726 2542 sibi
1771 2482 2111 2560 patienda⁶
2154 2485 2357 2544 existi-

268 2589 522 2641 marent.

979 2713 1056 2756 He
1084 2714 1262 2756 Levies
1290 2715 1419 2756 New
1446 2715 1648 2768 Troops.

349 2841 444 2890 31.
506 2833 640 2892 Nec
671 2833 872 2892 minus
918 2852 1100 2908 quam
1148 2844 1242 2893 est
1286 2834 1598 2911 pollicitus
1643 2837 2107 2915 Vercingetorix
2151 2841 2356 2903 anime

269 2933 595 3007 laberabat
625 2942 692 2993 ut
722 2933 992 3008 reliquas
1023 2932 1290 2995 civitatis
1331 2935 1709 3012 adiungeret,
1744 2947 1928 3014 atque
1960 2947 2167 2998 earum
2199 2952 2356 3018 prin-
2396 2974 2453 3027 15

268 3032 439 3110 cipes
485 3033 666 3093 denis
712 3032 1387 3111 pollicitatienibusque
1434 3034 1806 3096 adliciebat.⁷
1894 3040 2062 3099 Huic
2101 3049 2189 3098 rei
2231 3041 2356 3100 ide-

266 3140 420 3192 nees
445 3130 467 3164 ⁸
537 3132 819 3192 homines
883 3133 1210 3211 deligebat,
1274 3143 1532 3212 querum
1594 3136 1854 3213 quisque
1915 3150 2019 3199 aut
2077 3140 2352 3199 eratiene

267 3230 571 3292 subdola⁹
599 3242 706 3293 aut
738 3233 1010 3293 amicitia
1039 3234 1328 3294 facillime
1359 3254 1579 3312 capere
1610 3248 1837 3313 posset.
1929 3239 2052 3312 Qui
2090 3240 2353 3300 Avarice

267 3341 620 3410 expugnate
645 3333 1014 3411 refugerant,
1037 3337 1365 3394 armandes
1387 3320 1867 3414 vestiendesque
1893 3347 2081 3397 curat.
2141 3340 2349 3413 Simul,

268 3443 341 3491 ut
394 3433 746 3493 deminutae
768 3429 812 3466 ¹⁰
870 3434 1086 3511 cepiae
1146 3435 1725 3513 redintegrarentur,
1787 3437 2049 3514 imperat
2119 3451 2354 3500 certum
2391 3473 2452 3510 20

264 3551 583 3592 numerum
616 3533 876 3592 militum
922 3534 1294 3609 civitatibuS,
1329 3556 1531 3613 quem,
1566 3545 1628 3595 et
1671 3556 1855 3612 quam
1886 3547 2030 3597 ante
2075 3540 2256 3614 diem,
2290 3542 2352 3599 in

350 3681 437 3732 Cf.
460 3679 483 3715 1
505 3681 773 3735 defuerat.
793 3711 861 3720 —
875 3683 899 3716 2
921 3699 1041 3748 opp.
1066 3687 1332 3749 apertum.
1367 3715 1424 3723 —
1439 3684 1461 3718 ⁸
1486 3686 1778 3739 vitaverat.
1798 3716 1866 3724 -
1880 3686 1902 3721 ⁴
1926 3704 2046 3753 opp.
2074 3691 2350 3742 secundae.

263 3793 327 3802 —-
346 3764 371 3799 ⁵
395 3767 496 3818 ita.
522 3795 590 3804 —
610 3766 634 3800 ⁶
669 3765 1008 3832 perferenda.
1033 3796 1101 3805 —
1122 3767 1143 3802 ⁷
1179 3770 1526 3822 conciliabat.
1552 3797 1619 3806 —
1642 3769 1663 3802 ⁸
1696 3773 1874 3835 aptes.
1900 3798 1969 3807 —
1988 3771 2012 3804 ⁹
2045 3773 2261 3826 callida.
2286 3801 2354 3810 -

263 3846 303 3880 ¹⁰
326 3863 446 3912 opp.
471 3851 684 3902 auctae.
