<?xml version="1.0" encoding="UTF-8"?>
<!DOCTYPE html PUBLIC "-//W3C//DTD XHTML 1.0 Transitional//EN"
    "http://www.w3.org/TR/xhtml1/DTD/xhtml1-transitional.dtd">
<html xmlns="http://www.w3.org/1999/xhtml" xml:lang="en" lang="en">
 <head>
  <title>
</title>
<meta http-equiv="Content-Type" content="text/html;charset=utf-8" />
  <meta name='ocr-system' content='tesseract 3.04.00' />
  <meta name='ocr-capabilities' content='ocr_page ocr_carea ocr_par ocr_line ocrx_word'/>
</head>
<body>
  <div class='ocr_page' id='page_1' title='image "./caesarsgallicwa02greegoog_0289.png"; bbox 0 0 2819 4297; ppageno 0'>
   <div class='ocr_carea' id='block_1_1' title="bbox 270 282 2352 368">
    <p class='ocr_par' dir='ltr' id='par_1_1' title="bbox 270 282 2352 368">
     <span class='ocr_line' id='line_1_1' title="bbox 270 282 2352 368; baseline 0.004 -27"><span class='ocrx_word' id='word_1_1' title='bbox 270 293 326 341; x_wconf 88' lang='lat' dir='ltr'>B.</span> <span class='ocrx_word' id='word_1_2' title='bbox 348 293 413 341; x_wconf 88' lang='lat' dir='ltr'>G.</span> <span class='ocrx_word' id='word_1_3' title='bbox 435 292 530 340; x_wconf 89' lang='lat' dir='ltr'>VI.</span> <span class='ocrx_word' id='word_1_4' title='bbox 550 292 623 357; x_wconf 91' lang='grc'>8.]</span> <span class='ocrx_word' id='word_1_5' title='bbox 727 282 986 345; x_wconf 81' lang='lat' dir='ltr'><em>Second</em></span> <span class='ocrx_word' id='word_1_6' title='bbox 1008 283 1411 365; x_wconf 78' lang='lat' dir='ltr'>Expeditz&#39;on</span> <span class='ocrx_word' id='word_1_7' title='bbox 1447 285 1584 347; x_wconf 84' lang='lat' dir='ltr'>into</span> <span class='ocrx_word' id='word_1_8' title='bbox 1623 284 1968 368; x_wconf 86' lang='lat' dir='ltr'>Germany.</span> <span class='ocrx_word' id='word_1_9' title='bbox 2238 288 2352 350; x_wconf 93' lang='lat'>161</span> 
     </span>
    </p>
   </div>
   <div class='ocr_carea' id='block_1_2' title="bbox 257 472 2455 2252">
    <p class='ocr_par' dir='ltr' id='par_1_2' title="bbox 257 472 2455 2252">
     <span class='ocr_line' id='line_1_2' title="bbox 265 472 2362 558; baseline 0.003 -27"><span class='ocrx_word' id='word_1_10' title='bbox 265 472 428 532; x_wconf 79' lang='lat' dir='ltr'>sidio</span> <span class='ocrx_word' id='word_1_11' title='bbox 457 490 498 530; x_wconf 90' lang='lat' dir='ltr'>v</span> <span class='ocrx_word' id='word_1_12' title='bbox 529 472 871 533; x_wconf 88' lang='lat' dir='ltr'>cohortium</span> <span class='ocrx_word' id='word_1_13' title='bbox 916 473 1372 558; x_wconf 84' lang='lat' dir='ltr'>impedimentis</span> <span class='ocrx_word' id='word_1_14' title='bbox 1409 476 1638 548; x_wconf 82' lang='lat' dir='ltr'>relicte,</span> <span class='ocrx_word' id='word_1_15' title='bbox 1673 494 1811 535; x_wconf 90' lang='lat' dir='ltr'>curn</span> <span class='ocrx_word' id='word_1_16' title='bbox 1842 494 1975 536; x_wconf 85' lang='lat' dir='ltr'>xxv</span> <span class='ocrx_word' id='word_1_17' title='bbox 2004 476 2362 539; x_wconf 87' lang='lat' dir='ltr'>cohortibus</span> 
     </span>
     <span class='ocr_line' id='line_1_3' title="bbox 263 574 2361 652; baseline 0.003 -21"><span class='ocrx_word' id='word_1_18' title='bbox 263 581 617 651; x_wconf 83' lang='lat' dir='ltr'>magneque</span> <span class='ocrx_word' id='word_1_19' title='bbox 675 574 951 650; x_wconf 73' lang='lat' dir='ltr'>equitata</span> <span class='ocrx_word' id='word_1_20' title='bbox 1009 584 1226 635; x_wconf 89' lang='lat' dir='ltr'>contra</span> <span class='ocrx_word' id='word_1_21' title='bbox 1292 576 1534 635; x_wconf 89' lang='lat' dir='ltr'>hostem</span> <span class='ocrx_word' id='word_1_22' title='bbox 1593 577 2013 652; x_wconf 88' lang='lat' dir='ltr'>proficiscitur,</span> <span class='ocrx_word' id='word_1_23' title='bbox 2075 587 2139 637; x_wconf 96' lang='lat' dir='ltr'>et</span> <span class='ocrx_word' id='word_1_24' title='bbox 2195 578 2361 638; x_wconf 91' lang='lat' dir='ltr'>mille</span> 
     </span>
     <span class='ocr_line' id='line_1_4' title="bbox 263 674 2362 753; baseline 0.002 -21"><span class='ocrx_word' id='word_1_25' title='bbox 263 693 562 750; x_wconf 85' lang='lat' dir='ltr'>passuum</span> <span class='ocrx_word' id='word_1_26' title='bbox 619 674 967 734; x_wconf 81' lang='lat' dir='ltr'>intermisse</span> <span class='ocrx_word' id='word_1_27' title='bbox 1027 676 1229 753; x_wconf 82' lang='lat' dir='ltr'>spatie</span> <span class='ocrx_word' id='word_1_28' title='bbox 1301 685 1505 735; x_wconf 89' lang='lat' dir='ltr'>castra</span> <span class='ocrx_word' id='word_1_29' title='bbox 1561 676 1910 737; x_wconf 73' lang='lat' dir='ltr'>communit.</span> <span class='ocrx_word' id='word_1_30' title='bbox 2001 680 2147 738; x_wconf 88' lang='lat' dir='ltr'>Erat</span> <span class='ocrx_word' id='word_1_31' title='bbox 2202 678 2362 738; x_wconf 91' lang='lat' dir='ltr'>inter</span> 
     </span>
     <span class='ocr_line' id='line_1_5' title="bbox 264 775 2358 855; baseline 0.002 -21"><span class='ocrx_word' id='word_1_32' title='bbox 264 775 612 834; x_wconf 77' lang='lat' dir='ltr'>Labienum</span> <span class='ocrx_word' id='word_1_33' title='bbox 657 784 839 851; x_wconf 92' lang='lat' dir='ltr'>atque</span> <span class='ocrx_word' id='word_1_34' title='bbox 887 775 1129 835; x_wconf 90' lang='lat' dir='ltr'>hostem</span> <span class='ocrx_word' id='word_1_35' title='bbox 1189 775 1424 834; x_wconf 87' lang='lat' dir='ltr'>difficili</span> <span class='ocrx_word' id='word_1_36' title='bbox 1480 776 1742 835; x_wconf 69' lang='lat' dir='ltr'>transita</span> <span class='ocrx_word' id='word_1_37' title='bbox 1799 777 2022 837; x_wconf 75' lang='lat' dir='ltr'>flumen</span> <span class='ocrx_word' id='word_1_38' title='bbox 2084 787 2358 855; x_wconf 87' lang='lat' dir='ltr'>ripisque</span> 
     </span>
     <span class='ocr_line' id='line_1_6' title="bbox 262 873 2455 952; baseline 0.003 -19"><span class='ocrx_word' id='word_1_39' title='bbox 262 873 658 951; x_wconf 85' lang='lat' dir='ltr'>praeruptiS.¹</span> <span class='ocrx_word' id='word_1_40' title='bbox 745 877 887 934; x_wconf 81' lang='lat' dir='ltr'>Hec</span> <span class='ocrx_word' id='word_1_41' title='bbox 933 895 1134 952; x_wconf 92' lang='lat' dir='ltr'>neque</span> <span class='ocrx_word' id='word_1_42' title='bbox 1193 876 1327 952; x_wconf 90' lang='lat' dir='ltr'>ipse</span> <span class='ocrx_word' id='word_1_43' title='bbox 1385 884 1649 935; x_wconf 91' lang='lat' dir='ltr'>transire</span> <span class='ocrx_word' id='word_1_44' title='bbox 1708 876 1978 937; x_wconf 90' lang='lat' dir='ltr'>habebat</span> <span class='ocrx_word' id='word_1_45' title='bbox 2036 876 2097 937; x_wconf 94' lang='lat' dir='ltr'>in</span> <span class='ocrx_word' id='word_1_46' title='bbox 2151 879 2357 939; x_wconf 81' lang='lat' dir='ltr'>anime</span> <span class='ocrx_word' id='word_1_47' title='bbox 2431 894 2455 947; x_wconf 87' lang='lat'>5</span> 
     </span>
     <span class='ocr_line' id='line_1_7' title="bbox 262 975 2353 1054; baseline 0.002 -22"><span class='ocrx_word' id='word_1_48' title='bbox 262 994 469 1052; x_wconf 90' lang='lat' dir='ltr'>neque</span> <span class='ocrx_word' id='word_1_49' title='bbox 490 976 686 1034; x_wconf 88' lang='lat' dir='ltr'>hostis</span> <span class='ocrx_word' id='word_1_50' title='bbox 711 975 1077 1035; x_wconf 70' lang='lat' dir='ltr'>transituras</span> <span class='ocrx_word' id='word_1_51' title='bbox 1097 975 1508 1035; x_wconf 88' lang='lat' dir='ltr'>existimabat.</span> <span class='ocrx_word' id='word_1_52' title='bbox 1604 977 1965 1054; x_wconf 71' lang='lat' dir='ltr'>Augebatur</span> <span class='ocrx_word' id='word_1_53' title='bbox 1995 978 2353 1038; x_wconf 71' lang='lat' dir='ltr'>auxiliarum</span> 
     </span>
     <span class='ocr_line' id='line_1_8' title="bbox 260 1071 2354 1152; baseline 0.001 -19"><span class='ocrx_word' id='word_1_54' title='bbox 260 1074 495 1134; x_wconf 89' lang='lat' dir='ltr'>cotidie</span> <span class='ocrx_word' id='word_1_55' title='bbox 528 1071 714 1152; x_wconf 62' lang='lat' dir='ltr'>spes,8</span> <span class='ocrx_word' id='word_1_56' title='bbox 797 1076 1098 1151; x_wconf 91' lang='lat' dir='ltr'>Loquitur</span> <span class='ocrx_word' id='word_1_57' title='bbox 1137 1075 1199 1133; x_wconf 91' lang='lat' dir='ltr'>in</span> <span class='ocrx_word' id='word_1_58' title='bbox 1245 1075 1509 1134; x_wconf 81' lang='lat' dir='ltr'>concilie</span> <span class='ocrx_word' id='word_1_59' title='bbox 1539 1076 1742 1152; x_wconf 91' lang='lat' dir='ltr'>palam</span> <span class='ocrx_word' id='word_1_60' title='bbox 1773 1100 1784 1135; x_wconf 74' lang='grc' dir='ltr'>ε</span> <span class='ocrx_word' id='word_1_61' title='bbox 1835 1084 1849 1110; x_wconf 81' lang='lat'><strong><em>⁴</em></strong></span> <span class='ocrx_word' id='word_1_62' title='bbox 1870 1077 2178 1151; x_wconf 89' lang='lat' dir='ltr'>Quoniam</span> <span class='ocrx_word' id='word_1_63' title='bbox 2210 1080 2354 1138; x_wconf 89' lang='lat' dir='ltr'>Ger-</span> 
     </span>
     <span class='ocr_line' id='line_1_9' title="bbox 263 1174 2355 1254; baseline 0.001 -21"><span class='ocrx_word' id='word_1_64' title='bbox 263 1183 435 1235; x_wconf 89' lang='lat' dir='ltr'>mani</span> <span class='ocrx_word' id='word_1_65' title='bbox 488 1174 985 1252; x_wconf 89' lang='lat' dir='ltr'>adpropinquare</span> <span class='ocrx_word' id='word_1_66' title='bbox 1039 1176 1341 1248; x_wconf 89' lang='lat' dir='ltr'>dicantur,</span> <span class='ocrx_word' id='word_1_67' title='bbox 1391 1182 1529 1234; x_wconf 90' lang='lat' dir='ltr'>sese</span> <span class='ocrx_word' id='word_1_68' title='bbox 1582 1185 1728 1234; x_wconf 91' lang='lat' dir='ltr'>suas</span> <span class='ocrx_word' id='word_1_69' title='bbox 1776 1177 2201 1254; x_wconf 75' lang='lat' dir='ltr'>exercitusque</span> <span class='ocrx_word' id='word_1_70' title='bbox 2237 1179 2355 1237; x_wconf 81' lang='lat' dir='ltr'>sor-</span> 
     </span>
     <span class='ocr_line' id='line_1_10' title="bbox 262 1272 2354 1354; baseline 0.001 -19"><span class='ocrx_word' id='word_1_71' title='bbox 262 1284 448 1335; x_wconf 75' lang='lat' dir='ltr'>tunas</span> <span class='ocrx_word' id='word_1_72' title='bbox 490 1272 597 1334; x_wconf 79' lang='lat' dir='ltr'>³in</span> <span class='ocrx_word' id='word_1_73' title='bbox 642 1275 896 1334; x_wconf 91' lang='lat' dir='ltr'>dubium</span> <span class='ocrx_word' id='word_1_74' title='bbox 942 1282 1066 1334; x_wconf 82' lang='lat' dir='ltr'>nen</span> <span class='ocrx_word' id='word_1_75' title='bbox 1112 1276 1566 1347; x_wconf 75' lang='lat' dir='ltr'>devocaturum,</span> <span class='ocrx_word' id='word_1_76' title='bbox 1613 1285 1673 1335; x_wconf 90' lang='lat' dir='ltr'>et</span> <span class='ocrx_word' id='word_1_77' title='bbox 1718 1284 1969 1352; x_wconf 82' lang='lat' dir='ltr'>postere</span> <span class='ocrx_word' id='word_1_78' title='bbox 2013 1277 2112 1336; x_wconf 92' lang='lat' dir='ltr'>die</span> <span class='ocrx_word' id='word_1_79' title='bbox 2156 1286 2354 1354; x_wconf 87' lang='lat' dir='ltr'>prima</span> 
     </span>
     <span class='ocr_line' id='line_1_11' title="bbox 260 1375 2452 1450; baseline -0 -16"><span class='ocrx_word' id='word_1_80' title='bbox 260 1378 399 1435; x_wconf 78' lang='lat' dir='ltr'>lfice</span> <span class='ocrx_word' id='word_1_81' title='bbox 431 1385 636 1434; x_wconf 90' lang='lat' dir='ltr'>castra</span> <span class='ocrx_word' id='word_1_82' title='bbox 666 1376 1012 1435; x_wconf 58' lang='lat' dir='ltr'>metarum)</span> <span class='ocrx_word' id='word_1_83' title='bbox 1103 1375 1403 1436; x_wconf 90' lang='lat' dir='ltr'>Celeriter</span> <span class='ocrx_word' id='word_1_84' title='bbox 1443 1375 1598 1434; x_wconf 89' lang='lat' dir='ltr'>haec</span> <span class='ocrx_word' id='word_1_85' title='bbox 1638 1376 1718 1435; x_wconf 94' lang='lat' dir='ltr'>ad</span> <span class='ocrx_word' id='word_1_86' title='bbox 1747 1376 1944 1435; x_wconf 88' lang='lat' dir='ltr'>hostis</span> <span class='ocrx_word' id='word_1_87' title='bbox 1975 1376 2349 1450; x_wconf 80' lang='lat' dir='ltr'>deferuntur,</span> <span class='ocrx_word' id='word_1_88' title='bbox 2397 1399 2452 1434; x_wconf 77' lang='grc' dir='ltr'>ιο</span> 
     </span>
     <span class='ocr_line' id='line_1_12' title="bbox 260 1475 2352 1553; baseline 0 -17"><span class='ocrx_word' id='word_1_89' title='bbox 260 1487 328 1536; x_wconf 90' lang='lat' dir='ltr'>ut</span> <span class='ocrx_word' id='word_1_90' title='bbox 360 1495 436 1536; x_wconf 86' lang='lat' dir='ltr'>ex</span> <span class='ocrx_word' id='word_1_91' title='bbox 468 1483 691 1553; x_wconf 81' lang='lat' dir='ltr'>magne</span> <span class='ocrx_word' id='word_1_92' title='bbox 737 1477 1052 1536; x_wconf 83' lang='lat' dir='ltr'>Gallerum</span> <span class='ocrx_word' id='word_1_93' title='bbox 1096 1475 1373 1552; x_wconf 91' lang='lat' dir='ltr'>equitum</span> <span class='ocrx_word' id='word_1_94' title='bbox 1418 1483 1673 1535; x_wconf 82' lang='lat' dir='ltr'>numere</span> <span class='ocrx_word' id='word_1_95' title='bbox 1708 1483 1834 1536; x_wconf 82' lang='lat' dir='ltr'>nen</span> <span class='ocrx_word' id='word_1_96' title='bbox 1867 1478 2066 1536; x_wconf 74' lang='lat' dir='ltr'>niilles</span> <span class='ocrx_word' id='word_1_97' title='bbox 2097 1476 2352 1537; x_wconf 90' lang='lat' dir='ltr'>Gallicis</span> 
     </span>
     <span class='ocr_line' id='line_1_13' title="bbox 262 1576 2354 1654; baseline -0 -18"><span class='ocrx_word' id='word_1_98' title='bbox 262 1577 450 1636; x_wconf 91' lang='lat' dir='ltr'>rebus</span> <span class='ocrx_word' id='word_1_99' title='bbox 481 1576 690 1635; x_wconf 85' lang='lat' dir='ltr'>favere</span> <span class='ocrx_word' id='word_1_100' title='bbox 720 1584 936 1634; x_wconf 75' lang='lat' dir='ltr'>natura</span> <span class='ocrx_word' id='word_1_101' title='bbox 967 1577 1247 1654; x_wconf 83' lang='lat' dir='ltr'>cegebat.</span> <span class='ocrx_word' id='word_1_102' title='bbox 1338 1576 1652 1635; x_wconf 91' lang='lat' dir='ltr'>Labienus</span> <span class='ocrx_word' id='word_1_103' title='bbox 1682 1587 1882 1650; x_wconf 92' lang='lat' dir='ltr'>nocte,</span> <span class='ocrx_word' id='word_1_104' title='bbox 1913 1577 2175 1637; x_wconf 75' lang='lat' dir='ltr'>tribunis</span> <span class='ocrx_word' id='word_1_105' title='bbox 2205 1577 2354 1637; x_wconf 90' lang='lat' dir='ltr'>mili-</span> 
     </span>
     <span class='ocr_line' id='line_1_14' title="bbox 261 1675 2352 1755; baseline 0.001 -19"><span class='ocrx_word' id='word_1_106' title='bbox 261 1686 389 1736; x_wconf 88' lang='lat' dir='ltr'>tum</span> <span class='ocrx_word' id='word_1_107' title='bbox 424 1684 763 1752; x_wconf 90' lang='lat' dir='ltr'>primisque</span> <span class='ocrx_word' id='word_1_108' title='bbox 794 1675 1115 1735; x_wconf 80' lang='lat' dir='ltr'>erdinibus</span> <span class='ocrx_word' id='word_1_109' title='bbox 1146 1685 1524 1747; x_wconf 79' lang='lat' dir='ltr'>convocatiS,</span> <span class='ocrx_word' id='word_1_110' title='bbox 1552 1676 1702 1752; x_wconf 93' lang='lat' dir='ltr'>quid</span> <span class='ocrx_word' id='word_1_111' title='bbox 1733 1684 1829 1735; x_wconf 91' lang='lat' dir='ltr'>sui</span> <span class='ocrx_word' id='word_1_112' title='bbox 1860 1676 1940 1737; x_wconf 91' lang='lat' dir='ltr'>sit</span> <span class='ocrx_word' id='word_1_113' title='bbox 1969 1677 2190 1737; x_wconf 83' lang='lat' dir='ltr'>censili</span> <span class='ocrx_word' id='word_1_114' title='bbox 2219 1685 2352 1755; x_wconf 83' lang='lat' dir='ltr'>pre·</span> 
     </span>
     <span class='ocr_line' id='line_1_15' title="bbox 259 1772 2350 1854; baseline 0 -20"><span class='ocrx_word' id='word_1_115' title='bbox 259 1772 483 1852; x_wconf 65' lang='grc' dir='ltr'>ρόῐιίῖ,4</span> <span class='ocrx_word' id='word_1_116' title='bbox 539 1785 601 1834; x_wconf 92' lang='lat' dir='ltr'>et</span> <span class='ocrx_word' id='word_1_117' title='bbox 652 1782 776 1851; x_wconf 82' lang='lat' dir='ltr'>que</span> <span class='ocrx_word' id='word_1_118' title='bbox 817 1775 1060 1835; x_wconf 85' lang='lat' dir='ltr'>facilius</span> <span class='ocrx_word' id='word_1_119' title='bbox 1116 1775 1399 1835; x_wconf 90' lang='lat' dir='ltr'>hostibus</span> <span class='ocrx_word' id='word_1_120' title='bbox 1459 1776 1694 1835; x_wconf 82' lang='lat' dir='ltr'>timeris</span> <span class='ocrx_word' id='word_1_121' title='bbox 1753 1777 1859 1836; x_wconf 91' lang='lat' dir='ltr'>det</span> <span class='ocrx_word' id='word_1_122' title='bbox 1915 1777 2350 1854; x_wconf 82' lang='lat' dir='ltr'>suspicienem,</span> 
     </span>
     <span class='ocr_line' id='line_1_16' title="bbox 259 1875 2450 1952; baseline -0.001 -19"><span class='ocrx_word' id='word_1_123' title='bbox 259 1875 496 1935; x_wconf 83' lang='lat' dir='ltr'>maiere</span> <span class='ocrx_word' id='word_1_124' title='bbox 526 1875 783 1951; x_wconf 75' lang='lat' dir='ltr'>strepitu</span> <span class='ocrx_word' id='word_1_125' title='bbox 815 1884 877 1935; x_wconf 89' lang='lat' dir='ltr'>et</span> <span class='ocrx_word' id='word_1_126' title='bbox 906 1876 1169 1933; x_wconf 77' lang='lat' dir='ltr'>tumultu</span> <span class='ocrx_word' id='word_1_127' title='bbox 1199 1895 1384 1951; x_wconf 90' lang='lat' dir='ltr'>quam</span> <span class='ocrx_word' id='word_1_128' title='bbox 1416 1876 1629 1952; x_wconf 90' lang='lat' dir='ltr'>populi</span> <span class='ocrx_word' id='word_1_129' title='bbox 1656 1878 1925 1936; x_wconf 82' lang='lat' dir='ltr'>Remani</span> <span class='ocrx_word' id='word_1_130' title='bbox 1946 1877 2067 1936; x_wconf 85' lang='lat' dir='ltr'>fert</span> <span class='ocrx_word' id='word_1_131' title='bbox 2097 1883 2352 1936; x_wconf 83' lang='lat' dir='ltr'>censue·</span> <span class='ocrx_word' id='word_1_132' title='bbox 2394 1897 2410 1931; x_wconf 90' lang='lat'>1</span> <span class='ocrx_word' id='word_1_133' title='bbox 2426 1898 2450 1948; x_wconf 84' lang='lat'><em>5</em></span> 
     </span>
     <span class='ocr_line' id='line_1_17' title="bbox 257 1965 2351 2053; baseline -0.001 -17"><span class='ocrx_word' id='word_1_134' title='bbox 257 1976 412 2036; x_wconf 72' lang='lat' dir='ltr'>tude</span> <span class='ocrx_word' id='word_1_135' title='bbox 442 1984 644 2034; x_wconf 88' lang='lat' dir='ltr'>castra</span> <span class='ocrx_word' id='word_1_136' title='bbox 675 1972 943 2033; x_wconf 79' lang='lat' dir='ltr'>moveri⁵</span> <span class='ocrx_word' id='word_1_137' title='bbox 971 1975 1155 2034; x_wconf 89' lang='lat' dir='ltr'>iubet.</span> <span class='ocrx_word' id='word_1_138' title='bbox 1249 1977 1371 2033; x_wconf 90' lang='lat' dir='ltr'>His</span> <span class='ocrx_word' id='word_1_139' title='bbox 1401 1976 1584 2033; x_wconf 89' lang='lat' dir='ltr'>rebus</span> <span class='ocrx_word' id='word_1_140' title='bbox 1614 1965 1797 2052; x_wconf 81' lang='lat' dir='ltr'>fugae</span> <span class='ocrx_word' id='word_1_141' title='bbox 1828 1975 2088 2035; x_wconf 90' lang='lat' dir='ltr'>similem</span> <span class='ocrx_word' id='word_1_142' title='bbox 2119 1978 2351 2053; x_wconf 81' lang='lat' dir='ltr'>profec-</span> 
     </span>
     <span class='ocr_line' id='line_1_18' title="bbox 259 2075 2349 2153; baseline -0.001 -18"><span class='ocrx_word' id='word_1_143' title='bbox 259 2075 495 2135; x_wconf 81' lang='lat' dir='ltr'>tienem</span> <span class='ocrx_word' id='word_1_144' title='bbox 528 2075 730 2134; x_wconf 90' lang='lat' dir='ltr'>efficit.</span> <span class='ocrx_word' id='word_1_145' title='bbox 822 2076 998 2134; x_wconf 90' lang='lat' dir='ltr'>Haec</span> <span class='ocrx_word' id='word_1_146' title='bbox 1030 2094 1274 2152; x_wconf 91' lang='lat' dir='ltr'>quoque</span> <span class='ocrx_word' id='word_1_147' title='bbox 1297 2093 1409 2153; x_wconf 91' lang='lat' dir='ltr'>per</span> <span class='ocrx_word' id='word_1_148' title='bbox 1439 2076 1854 2151; x_wconf 81' lang='lat' dir='ltr'>explerateres</span> <span class='ocrx_word' id='word_1_149' title='bbox 1885 2085 2027 2134; x_wconf 88' lang='lat' dir='ltr'>ante</span> <span class='ocrx_word' id='word_1_150' title='bbox 2058 2076 2255 2135; x_wconf 74' lang='lat' dir='ltr'>lucem</span> <span class='ocrx_word' id='word_1_151' title='bbox 2287 2075 2349 2132; x_wconf 91' lang='lat' dir='ltr'>in</span> 
     </span>
     <span class='ocr_line' id='line_1_19' title="bbox 260 2174 2056 2252; baseline -0.001 -16"><span class='ocrx_word' id='word_1_152' title='bbox 260 2184 437 2237; x_wconf 89' lang='lat' dir='ltr'>tanta</span> <span class='ocrx_word' id='word_1_153' title='bbox 466 2174 926 2252; x_wconf 61' lang='lat' dir='ltr'>propinquitate</span> <span class='ocrx_word' id='word_1_154' title='bbox 957 2183 1298 2234; x_wconf 82' lang='lat' dir='ltr'>castrerum</span> <span class='ocrx_word' id='word_1_155' title='bbox 1329 2175 1407 2233; x_wconf 87' lang='lat' dir='ltr'>ad</span> <span class='ocrx_word' id='word_1_156' title='bbox 1455 2175 1651 2234; x_wconf 91' lang='lat' dir='ltr'>hostis</span> <span class='ocrx_word' id='word_1_157' title='bbox 1682 2175 2056 2235; x_wconf 82' lang='lat' dir='ltr'>deferuntur.</span> 
     </span>
    </p>
   </div>
   <div class='ocr_carea' id='block_1_3' title="bbox 363 2356 2253 2465">
    <p class='ocr_par' dir='ltr' id='par_1_3' title="bbox 363 2356 2253 2465">
     <span class='ocr_line' id='line_1_20' title="bbox 363 2356 2253 2409; baseline -0.001 -11"><span class='ocrx_word' id='word_1_158' title='bbox 363 2357 505 2399; x_wconf 75' lang='lat' dir='ltr'>After</span> <span class='ocrx_word' id='word_1_159' title='bbox 531 2357 681 2398; x_wconf 81' lang='lat' dir='ltr'>Much</span> <span class='ocrx_word' id='word_1_160' title='bbox 710 2357 1056 2409; x_wconf 81' lang='lat' dir='ltr'>Manoeuvring</span> <span class='ocrx_word' id='word_1_161' title='bbox 1083 2357 1145 2397; x_wconf 86' lang='lat' dir='ltr'>he</span> <span class='ocrx_word' id='word_1_162' title='bbox 1173 2358 1351 2408; x_wconf 85' lang='lat' dir='ltr'>Brings</span> <span class='ocrx_word' id='word_1_163' title='bbox 1380 2369 1443 2397; x_wconf 87' lang='lat' dir='ltr'>on</span> <span class='ocrx_word' id='word_1_164' title='bbox 1472 2368 1533 2398; x_wconf 84' lang='lat' dir='ltr'>an</span> <span class='ocrx_word' id='word_1_165' title='bbox 1564 2356 1905 2408; x_wconf 74' lang='lat' dir='ltr'>Engagement</span> <span class='ocrx_word' id='word_1_166' title='bbox 1931 2358 2028 2398; x_wconf 85' lang='lat' dir='ltr'>and</span> <span class='ocrx_word' id='word_1_167' title='bbox 2057 2356 2253 2407; x_wconf 78' lang='lat' dir='ltr'>utterly</span> 
     </span>
     <span class='ocr_line' id='line_1_21' title="bbox 1108 2424 1494 2465; baseline 0 -1"><span class='ocrx_word' id='word_1_168' title='bbox 1108 2424 1313 2465; x_wconf 74' lang='lat' dir='ltr'>Defeats</span> <span class='ocrx_word' id='word_1_169' title='bbox 1339 2424 1494 2465; x_wconf 86' lang='lat' dir='ltr'>them.</span> 
     </span>
    </p>
   </div>
   <div class='ocr_carea' id='block_1_4' title="bbox 263 2559 2449 3537">
    <p class='ocr_par' dir='ltr' id='par_1_4' title="bbox 263 2559 2449 3537">
     <span class='ocr_line' id='line_1_22' title="bbox 346 2559 2348 2636; baseline 0 -19"><span class='ocrx_word' id='word_1_170' title='bbox 346 2568 402 2617; x_wconf 86' lang='grc'>8.</span> <span class='ocrx_word' id='word_1_171' title='bbox 452 2560 571 2617; x_wconf 87' lang='lat' dir='ltr'>Vix</span> <span class='ocrx_word' id='word_1_172' title='bbox 602 2572 821 2636; x_wconf 83' lang='lat' dir='ltr'>agmen</span> <span class='ocrx_word' id='word_1_173' title='bbox 867 2559 1265 2618; x_wconf 90' lang='lat' dir='ltr'>novissimum</span> <span class='ocrx_word' id='word_1_174' title='bbox 1310 2568 1483 2617; x_wconf 87' lang='lat' dir='ltr'>extra</span> <span class='ocrx_word' id='word_1_175' title='bbox 1528 2559 1901 2618; x_wconf 71' lang='lat' dir='ltr'>munitienes</span> <span class='ocrx_word' id='word_1_176' title='bbox 1945 2566 2348 2636; x_wconf 82' lang='lat' dir='ltr'>precesserat,</span> 
     </span>
     <span class='ocr_line' id='line_1_23' title="bbox 263 2659 2449 2736; baseline -0.001 -17"><span class='ocrx_word' id='word_1_177' title='bbox 263 2680 405 2719; x_wconf 90' lang='lat' dir='ltr'>cum</span> <span class='ocrx_word' id='word_1_178' title='bbox 466 2659 1058 2720; x_wconf 87' lang='lat' dir='ltr'>Galli--cohortati</span> <span class='ocrx_word' id='word_1_179' title='bbox 1107 2659 1266 2718; x_wconf 90' lang='lat' dir='ltr'>inter</span> <span class='ocrx_word' id='word_1_180' title='bbox 1324 2665 1389 2717; x_wconf 89' lang='lat' dir='ltr'>se</span> <span class='ocrx_word' id='word_1_181' title='bbox 1449 2665 1526 2716; x_wconf 88' lang='lat' dir='ltr'>ne</span> <span class='ocrx_word' id='word_1_182' title='bbox 1579 2665 1885 2735; x_wconf 90' lang='lat' dir='ltr'>speratam</span> <span class='ocrx_word' id='word_1_183' title='bbox 1930 2659 2224 2736; x_wconf 87' lang='lat' dir='ltr'>praedam</span> <span class='ocrx_word' id='word_1_184' title='bbox 2276 2677 2352 2717; x_wconf 85' lang='lat' dir='ltr'>ex</span> <span class='ocrx_word' id='word_1_185' title='bbox 2390 2678 2449 2712; x_wconf 90' lang='lat'>20</span> 
     </span>
     <span class='ocr_line' id='line_1_24' title="bbox 265 2754 2351 2834; baseline -0.001 -15"><span class='ocrx_word' id='word_1_186' title='bbox 265 2760 554 2819; x_wconf 89' lang='lat' dir='ltr'>manibus</span> <span class='ocrx_word' id='word_1_187' title='bbox 612 2754 1085 2827; x_wconf 77' lang='lat' dir='ltr'>demitterent3⁶</span> <span class='ocrx_word' id='word_1_188' title='bbox 1141 2759 1387 2834; x_wconf 89' lang='lat' dir='ltr'>longum</span> <span class='ocrx_word' id='word_1_189' title='bbox 1450 2777 1589 2816; x_wconf 86' lang='lat' dir='ltr'>esse</span> <span class='ocrx_word' id='word_1_190' title='bbox 1655 2759 1989 2834; x_wconf 88' lang='lat' dir='ltr'>perterritis</span> <span class='ocrx_word' id='word_1_191' title='bbox 2049 2760 2351 2817; x_wconf 83' lang='lat' dir='ltr'>Remanis</span> 
     </span>
     <span class='ocr_line' id='line_1_25' title="bbox 264 2855 2351 2935; baseline -0.002 -15"><span class='ocrx_word' id='word_1_192' title='bbox 264 2863 714 2920; x_wconf 70' lang='lat' dir='ltr'>Germanarum</span> <span class='ocrx_word' id='word_1_193' title='bbox 746 2858 1036 2917; x_wconf 86' lang='lat' dir='ltr'>auxilium</span> <span class='ocrx_word' id='word_1_194' title='bbox 1067 2866 1458 2934; x_wconf 81' lang='lat' dir='ltr'>exspectare3</span> <span class='ocrx_word' id='word_1_195' title='bbox 1505 2877 1708 2933; x_wconf 81' lang='lat' dir='ltr'>neque</span> <span class='ocrx_word' id='word_1_196' title='bbox 1750 2877 1920 2916; x_wconf 89' lang='lat' dir='ltr'>suam</span> <span class='ocrx_word' id='word_1_197' title='bbox 1957 2867 2086 2935; x_wconf 88' lang='lat' dir='ltr'>pati</span> <span class='ocrx_word' id='word_1_198' title='bbox 2111 2855 2131 2890; x_wconf 86' lang='lat'><strong><em>⁷</em></strong></span> <span class='ocrx_word' id='word_1_199' title='bbox 2158 2857 2351 2935; x_wconf 90' lang='lat' dir='ltr'>digni-</span> 
     </span>
     <span class='ocr_line' id='line_1_26' title="bbox 266 2955 2351 3035; baseline -0.002 -14"><span class='ocrx_word' id='word_1_200' title='bbox 266 2971 458 3021; x_wconf 89' lang='lat' dir='ltr'>tatem</span> <span class='ocrx_word' id='word_1_201' title='bbox 509 2969 576 3019; x_wconf 89' lang='lat' dir='ltr'>ut</span> <span class='ocrx_word' id='word_1_202' title='bbox 623 2968 814 3019; x_wconf 89' lang='lat' dir='ltr'>tantis</span> <span class='ocrx_word' id='word_1_203' title='bbox 874 2958 1072 3034; x_wconf 81' lang='lat' dir='ltr'>cepiis</span> <span class='ocrx_word' id='word_1_204' title='bbox 1132 2968 1255 3017; x_wconf 88' lang='lat' dir='ltr'>tam</span> <span class='ocrx_word' id='word_1_205' title='bbox 1313 2955 1638 3035; x_wconf 80' lang='lat' dir='ltr'>exiguam⁸</span> <span class='ocrx_word' id='word_1_206' title='bbox 1687 2977 1932 3016; x_wconf 90' lang='lat' dir='ltr'>manum</span> <span class='ocrx_word' id='word_1_207' title='bbox 1992 2958 2351 3035; x_wconf 87' lang='lat' dir='ltr'>praesertim</span> 
     </span>
     <span class='ocr_line' id='line_1_27' title="bbox 265 3057 2349 3137; baseline -0.002 -17"><span class='ocrx_word' id='word_1_208' title='bbox 265 3061 606 3137; x_wconf 70' lang='lat' dir='ltr'>fugientem</span> <span class='ocrx_word' id='word_1_209' title='bbox 651 3069 837 3136; x_wconf 91' lang='lat' dir='ltr'>atque</span> <span class='ocrx_word' id='word_1_210' title='bbox 885 3057 1242 3134; x_wconf 87' lang='lat' dir='ltr'>impeditam</span> <span class='ocrx_word' id='word_1_211' title='bbox 1302 3058 1530 3116; x_wconf 88' lang='lat' dir='ltr'>adoriri</span> <span class='ocrx_word' id='word_1_212' title='bbox 1574 3065 1698 3117; x_wconf 81' lang='lat' dir='ltr'>nen</span> <span class='ocrx_word' id='word_1_213' title='bbox 1744 3058 2349 3118; x_wconf 73' lang='lat' dir='ltr'>audeant—flumen</span> 
     </span>
     <span class='ocr_line' id='line_1_28' title="bbox 267 3154 2449 3235; baseline -0.002 -14"><span class='ocrx_word' id='word_1_214' title='bbox 267 3168 528 3221; x_wconf 88' lang='lat' dir='ltr'>transire</span> <span class='ocrx_word' id='word_1_215' title='bbox 559 3168 622 3218; x_wconf 91' lang='lat' dir='ltr'>et</span> <span class='ocrx_word' id='word_1_216' title='bbox 651 3159 865 3235; x_wconf 81' lang='lat' dir='ltr'>inique</span> <span class='ocrx_word' id='word_1_217' title='bbox 890 3154 911 3189; x_wconf 82' lang='lat'>⁹</span> <span class='ocrx_word' id='word_1_218' title='bbox 938 3158 1075 3217; x_wconf 82' lang='lat' dir='ltr'>loce</span> <span class='ocrx_word' id='word_1_219' title='bbox 1119 3158 1502 3218; x_wconf 88' lang='lat' dir='ltr'>committere</span> <span class='ocrx_word' id='word_1_220' title='bbox 1546 3158 1842 3234; x_wconf 89' lang='lat' dir='ltr'>proelium</span> <span class='ocrx_word' id='word_1_221' title='bbox 1888 3165 2011 3217; x_wconf 80' lang='lat' dir='ltr'>nen</span> <span class='ocrx_word' id='word_1_222' title='bbox 2046 3158 2348 3217; x_wconf 89' lang='lat' dir='ltr'>dubitant.</span> <span class='ocrx_word' id='word_1_223' title='bbox 2389 3173 2449 3225; x_wconf 86' lang='lat'>25</span> 
     </span>
     <span class='ocr_line' id='line_1_29' title="bbox 267 3258 2348 3335; baseline -0.001 -16"><span class='ocrx_word' id='word_1_224' title='bbox 267 3262 447 3335; x_wconf 84' lang='lat' dir='ltr'>Quae</span> <span class='ocrx_word' id='word_1_225' title='bbox 470 3260 601 3319; x_wconf 80' lang='lat' dir='ltr'>fore</span> <span class='ocrx_word' id='word_1_226' title='bbox 625 3258 974 3335; x_wconf 89' lang='lat' dir='ltr'>suspicatus</span> <span class='ocrx_word' id='word_1_227' title='bbox 997 3258 1327 3331; x_wconf 78' lang='lat' dir='ltr'>Labienu3‚</span> <span class='ocrx_word' id='word_1_228' title='bbox 1361 3268 1428 3317; x_wconf 92' lang='lat' dir='ltr'>ut</span> <span class='ocrx_word' id='word_1_229' title='bbox 1447 3266 1648 3317; x_wconf 90' lang='lat' dir='ltr'>omnis</span> <span class='ocrx_word' id='word_1_230' title='bbox 1667 3259 1819 3317; x_wconf 87' lang='lat' dir='ltr'>citra</span> <span class='ocrx_word' id='word_1_231' title='bbox 1839 3258 2063 3317; x_wconf 80' lang='lat' dir='ltr'>fliimen</span> <span class='ocrx_word' id='word_1_232' title='bbox 2086 3258 2348 3329; x_wconf 89' lang='lat' dir='ltr'>eliceret,</span> 
     </span>
     <span class='ocr_line' id='line_1_30' title="bbox 268 3354 2355 3436; baseline -0 -18"><span class='ocrx_word' id='word_1_233' title='bbox 268 3361 488 3421; x_wconf 88' lang='lat' dir='ltr'>eadem</span> <span class='ocrx_word' id='word_1_234' title='bbox 547 3369 694 3419; x_wconf 79' lang='lat' dir='ltr'>fisus</span> <span class='ocrx_word' id='word_1_235' title='bbox 752 3357 1146 3418; x_wconf 81' lang='lat' dir='ltr'>simulatiene</span> <span class='ocrx_word' id='word_1_236' title='bbox 1198 3357 1434 3417; x_wconf 90' lang='lat' dir='ltr'>itineris</span> <span class='ocrx_word' id='word_1_237' title='bbox 1492 3358 1734 3434; x_wconf 89' lang='lat' dir='ltr'>placide</span> <span class='ocrx_word' id='word_1_238' title='bbox 1785 3354 2355 3436; x_wconf 82' lang='lat' dir='ltr'>pregrediebatur.¹⁰</span> 
     </span>
     <span class='ocr_line' id='line_1_31' title="bbox 266 3454 2354 3537; baseline -0.001 -18"><span class='ocrx_word' id='word_1_239' title='bbox 266 3463 430 3521; x_wconf 91' lang='lat' dir='ltr'>Tum</span> <span class='ocrx_word' id='word_1_240' title='bbox 487 3459 843 3537; x_wconf 90' lang='lat' dir='ltr'>praemissis</span> <span class='ocrx_word' id='word_1_241' title='bbox 901 3457 1149 3534; x_wconf 89' lang='lat' dir='ltr'>paulurn</span> <span class='ocrx_word' id='word_1_242' title='bbox 1202 3457 1659 3533; x_wconf 88' lang='lat' dir='ltr'>impedimentis</span> <span class='ocrx_word' id='word_1_243' title='bbox 1710 3467 1894 3534; x_wconf 87' lang='lat' dir='ltr'>atque</span> <span class='ocrx_word' id='word_1_244' title='bbox 1946 3457 2009 3516; x_wconf 91' lang='lat' dir='ltr'>in</span> <span class='ocrx_word' id='word_1_245' title='bbox 2062 3454 2354 3517; x_wconf 79' lang='lat' dir='ltr'>tumule¹l</span> 
     </span>
    </p>
   </div>
   <div class='ocr_carea' id='block_1_5' title="bbox 269 3621 2358 3854">
    <p class='ocr_par' dir='ltr' id='par_1_5' title="bbox 269 3621 2358 3854">
     <span class='ocr_line' id='line_1_32' title="bbox 357 3621 2356 3689; baseline -0.003 -12"><span class='ocrx_word' id='word_1_246' title='bbox 357 3627 439 3677; x_wconf 81' lang='lat' dir='ltr'>Cf.</span> <span class='ocrx_word' id='word_1_247' title='bbox 465 3624 484 3659; x_wconf 90' lang='lat'>¹</span> <span class='ocrx_word' id='word_1_248' title='bbox 512 3641 632 3689; x_wconf 89' lang='lat' dir='ltr'>opp.</span> <span class='ocrx_word' id='word_1_249' title='bbox 657 3625 853 3676; x_wconf 86' lang='lat' dir='ltr'>leniter</span> <span class='ocrx_word' id='word_1_250' title='bbox 885 3621 1324 3675; x_wconf 57' lang='lat' dir='ltr'>acclivibus—²</span> <span class='ocrx_word' id='word_1_251' title='bbox 1347 3623 1466 3687; x_wconf 81' lang='lat' dir='ltr'>opp.</span> <span class='ocrx_word' id='word_1_252' title='bbox 1493 3624 1816 3687; x_wconf 78' lang='lat' dir='ltr'>desperatie.</span> <span class='ocrx_word' id='word_1_253' title='bbox 1834 3651 1901 3659; x_wconf 94' lang='lat'>—</span> <span class='ocrx_word' id='word_1_254' title='bbox 1917 3621 1940 3656; x_wconf 81' lang='lat'><strong>⁸</strong></span> <span class='ocrx_word' id='word_1_255' title='bbox 1964 3624 2022 3673; x_wconf 91' lang='lat' dir='ltr'>in</span> <span class='ocrx_word' id='word_1_256' title='bbox 2057 3624 2356 3687; x_wconf 84' lang='lat' dir='ltr'>periculum</span> 
     </span>
     <span class='ocr_line' id='line_1_33' title="bbox 271 3705 2358 3772; baseline -0.001 -12"><span class='ocrx_word' id='word_1_257' title='bbox 271 3715 375 3762; x_wconf 74' lang='lat' dir='ltr'>nen</span> <span class='ocrx_word' id='word_1_258' title='bbox 392 3712 758 3762; x_wconf 70' lang='lat' dir='ltr'>deductarum.</span> <span class='ocrx_word' id='word_1_259' title='bbox 772 3708 867 3745; x_wconf 73' lang='lat'>—4</span> <span class='ocrx_word' id='word_1_260' title='bbox 883 3707 1155 3760; x_wconf 64' lang='lat' dir='ltr'>docet—⁵</span> <span class='ocrx_word' id='word_1_261' title='bbox 1168 3724 1286 3772; x_wconf 89' lang='lat' dir='ltr'>opp.</span> <span class='ocrx_word' id='word_1_262' title='bbox 1321 3707 1468 3770; x_wconf 77' lang='lat' dir='ltr'>peni.</span> <span class='ocrx_word' id='word_1_263' title='bbox 1494 3735 1563 3742; x_wconf 87' lang='lat'>—</span> <span class='ocrx_word' id='word_1_264' title='bbox 1582 3705 1604 3738; x_wconf 82' lang='lat'><strong>⁶</strong></span> <span class='ocrx_word' id='word_1_265' title='bbox 1627 3706 1964 3757; x_wconf 85' lang='lat' dir='ltr'>amitterent.</span> <span class='ocrx_word' id='word_1_266' title='bbox 1989 3734 2058 3742; x_wconf 89' lang='lat'>—</span> <span class='ocrx_word' id='word_1_267' title='bbox 2078 3705 2099 3739; x_wconf 80' lang='lat'>⁷</span> <span class='ocrx_word' id='word_1_268' title='bbox 2135 3705 2358 3771; x_wconf 81' lang='lat' dir='ltr'>permit-</span> 
     </span>
     <span class='ocr_line' id='line_1_34' title="bbox 269 3786 2132 3854; baseline -0.001 -11"><span class='ocrx_word' id='word_1_269' title='bbox 269 3789 514 3844; x_wconf 53' lang='lat' dir='ltr'>tera—⁸</span> <span class='ocrx_word' id='word_1_270' title='bbox 538 3804 659 3853; x_wconf 88' lang='lat' dir='ltr'>opp.</span> <span class='ocrx_word' id='word_1_271' title='bbox 685 3791 967 3853; x_wconf 83' lang='lat' dir='ltr'>magnam.</span> <span class='ocrx_word' id='word_1_272' title='bbox 983 3786 1085 3825; x_wconf 81' lang='lat'>-⁹</span> <span class='ocrx_word' id='word_1_273' title='bbox 1109 3788 1308 3841; x_wconf 77' lang='lat' dir='ltr'>aliene.</span> <span class='ocrx_word' id='word_1_274' title='bbox 1329 3816 1392 3824; x_wconf 88' lang='lat'>—</span> <span class='ocrx_word' id='word_1_275' title='bbox 1409 3787 1452 3821; x_wconf 86' lang='lat'>¹⁰</span> <span class='ocrx_word' id='word_1_276' title='bbox 1477 3788 1816 3854; x_wconf 74' lang='lat' dir='ltr'>precedebat.</span> <span class='ocrx_word' id='word_1_277' title='bbox 1833 3786 1954 3825; x_wconf 82' lang='lat'>——11</span> <span class='ocrx_word' id='word_1_278' title='bbox 1978 3789 2132 3841; x_wconf 78' lang='lat' dir='ltr'>colle.</span> 
     </span>
    </p>
   </div>
  </div>
 </body>
</html>
