2819 4297
499 283 626 349 174
1220 267 1355 331 The
1409 268 1630 332 Gallie
1680 268 1845 332 War.
2347 269 2586 343 [clem

489 471 552 520 et
595 460 791 538 figura
831 469 1008 520 tauri.
1099 461 1332 536 Magna
1362 469 1456 519 vis
1500 468 1711 519 eorum
1754 471 1850 519 est
1891 470 1953 519 et
1992 467 2217 537 magna
2245 458 2581 531 velucitas3

491 580 692 637 neque
750 560 985 619 homini
1047 578 1247 635 neque
1308 560 1479 619 ferae
1543 579 1728 635 quam
1788 566 2242 636 censpexerunt
2299 569 2580 637 parcunt.

494 662 634 720 Hos
687 659 1007 720 studiese¹
1056 660 1257 718 foveis
1302 666 1521 736 captes
1565 659 1953 718 interficiunt.
2069 660 2214 718 Hoc
2258 666 2328 718 se
2372 659 2584 719 labere

490 760 715 818 durant
747 760 1178 819 adulescentes
1223 770 1409 835 atque
1455 759 1575 819 hoc
1617 778 1844 836 genere
1875 758 2223 819 venatiunis
2251 769 2583 833 exercent3

427 880 452 933 5
491 869 553 919 et
583 868 690 936 qui
720 859 1015 937 plurimus
1044 879 1120 918 ex
1149 861 1248 918 his
1283 859 1741 932 interfecerunt,
1775 860 1985 918 relatis
2016 859 2078 917 in
2109 859 2424 936 publicum
2458 879 2586 920 cor·

491 960 675 1019 nibus
720 979 878 1036 quae
923 959 1049 1020 sint
1093 959 1467 1032 testimenie,
1500 968 1785 1037 magnam
1813 957 2061 1019 serunt²
2099 960 2362 1020 laudem.
2458 962 2583 1021 Sed

491 1061 862 1120 adsuescere
907 1061 989 1120 ad
1036 1059 1319 1120 homines
1372 1069 1437 1120 et
1482 1061 1873 1120 mansuefieri
1921 1067 2000 1119 ne
2043 1061 2282 1137 parvuli
2330 1061 2582 1138 quidem

490 1169 732 1238 excepti
776 1170 1053 1237 possunt.
1143 1160 1509 1238 Amplitudo
1553 1179 1847 1220 cornuum
1893 1169 1956 1220 et
1997 1161 2191 1238 figura
2234 1171 2298 1220 et
2341 1163 2584 1238 species

492 1262 748 1345 multum
779 1269 816 1320 a
846 1268 1193 1321 nostrerum
1224 1262 1411 1320 boum
1443 1261 1733 1321 cornibus
1758 1260 1983 1320 differt.
2062 1262 2240 1320 Haec
2270 1259 2585 1322 studiese⁸

397 1381 455 1416 10
491 1370 843 1437 conquisita
873 1363 952 1421 ab
982 1362 1174 1422 labris
1205 1369 1465 1439 argente
1507 1362 1999 1421 circumcludunt
2030 1376 2214 1439 atque
2246 1362 2309 1420 in
2342 1362 2582 1440 amplis-

492 1458 704 1521 simis⁴
730 1462 932 1539 epulis
962 1469 1076 1539 pro
1106 1463 1347 1539 poculis
1378 1471 1643 1521 utuntur.

760 1627 927 1669 Caesar
955 1628 1167 1669 Returna
1194 1631 1247 1668 to
1276 1627 1398 1668 Gaul
1429 1628 1525 1668 and
1555 1627 1797 1668 Proceeds
1825 1628 2022 1679 against
2047 1628 2314 1669 Ambiorix.

576 1753 672 1805 29.
733 1748 981 1819 Caesar,
1015 1755 1346 1823 postquam
1391 1766 1502 1822 per
1537 1746 1740 1805 Ubius
1783 1746 2203 1822 exploratores
2247 1745 2585 1825 comperit⁸

497 1846 734 1907 Sueves
779 1853 918 1906 sese
960 1846 1022 1904 in
1069 1846 1256 1905 silvas
1301 1846 1629 1922 recepisse,
1666 1842 1981 1922 inopiam⁶
2020 1847 2309 1907 frumenti
2353 1849 2583 1908 veritus

498 1946 712 2027 (quod,
747 1957 815 2006 ut
859 1954 1043 2023 supra
1085 1946 1661 2017 demenso-avimus,
1696 1943 1988 2005 minime⁷
2031 1954 2246 2006 omnes
2289 1949 2583 2009 Germani

401 2071 459 2124 15
497 2057 627 2126 agri
657 2048 930 2107 culturae
965 2046 1266 2127 student),
1299 2046 1624 2106 cunstituit
1654 2054 1778 2106 nun
1810 2048 2100 2124 pre->gredi
2129 2047 2406 2125 longius;
2454 2050 2579 2122 sed,

495 2156 573 2208 ne
620 2157 874 2210 omnine
921 2159 1148 2209 metum
1199 2147 1437 2208 reditus
1490 2156 1586 2207 sui
1636 2147 1916 2207 barbaris
1968 2148 2229 2223 tolleret,
2280 2158 2467 2227 atque
2520 2159 2584 2210 ut

494 2258 705 2311 eurum
751 2251 975 2310 auxilia
1019 2245 1337 2321 tardaret,⁸
1364 2249 1626 2309 reducto
1670 2249 1942 2308 exercitu
1985 2259 2224 2327 partem
2269 2250 2585 2310 ultimam⁹

494 2351 719 2428 pontiS,
770 2371 930 2429 quae
975 2359 1140 2428 ripas
1186 2349 1493 2410 Ubierum
1545 2349 1963 2427 contingebat,
2018 2349 2084 2407 in
2135 2350 2582 2428 longitudinem

493 2453 723 2529 pedum
752 2469 830 2511 cc
860 2451 1172 2522 rescindit,
1207 2460 1392 2526 atque
1438 2450 1501 2508 in
1545 2457 1817 2509 extreme
1862 2461 2051 2525 ponte
2097 2451 2308 2510 turrim
2351 2452 2582 2512 tabula·

397 2574 458 2609 20
494 2560 693 2612 turum
742 2570 842 2612 1111
889 2550 1212 2612 cunstituit
1232 2546 1273 2582 ¹⁰
1314 2550 1815 2628 praesidiumque
1846 2551 2191 2610 cohortium
2236 2569 2329 2611 xn
2373 2554 2583 2629 pontis

493 2654 708 2713 tuendi
740 2661 927 2713 causa
970 2652 1144 2729 punit
1187 2659 1550 2729 magnisque
1591 2669 1732 2709 eum
1772 2651 1980 2710 locum
2012 2652 2455 2713 munitionibus
2483 2654 2583 2712 fir-

494 2765 636 2815 mat.
728 2756 799 2813 Ei
830 2754 968 2813 locu
999 2752 1435 2830 praesidioque
1468 2753 1538 2811 C.
1565 2751 1917 2810 Volcatium
1949 2753 2197 2811 Tullum
2229 2753 2582 2814 adulescen-

491 2865 614 2914 tem
659 2854 971 2932 praeficit;
1033 2854 1181 2930 ipse,
1230 2872 1370 2912 cum
1417 2859 1824 2912 maturescere
1867 2853 2175 2912 frumenta
2220 2853 2580 2931 inciperent,

492 2955 571 3014 ad
615 2954 845 3013 bellum
892 2953 1269 3030 Ambiorigis
1313 2953 1646 3028 profectuS,
1679 2972 1791 3029 per
1822 2954 2219 3011 Arduennam
2267 2954 2585 3014 silvam—

394 3076 457 3127 25
492 3073 650 3137 quae
698 3064 793 3114 est
836 3061 1028 3113 tetius
1073 3053 1314 3113 Galliae
1359 3053 1625 3111 maxima
1670 3064 1855 3130 atque
1901 3054 1979 3112 ab
2016 3061 2166 3128 ripis
2208 3054 2414 3113 Rheni
2449 3057 2587 3115 fini-

488 3155 731 3232 busque
755 3156 1158 3213 Trevererum
1192 3154 1273 3213 ad
1304 3153 1570 3213 Nervius
1602 3154 1885 3230 pertinet,
1913 3152 2286 3230 milibusque
2318 3157 2585 3234 amplius

491 3274 533 3313 D
563 3255 625 3313 in
657 3253 1102 3332 longitudinem
1137 3254 1495 3331 patet—L.
1533 3252 1876 3310 Minucium
1923 3253 2195 3312 Basilum
2236 3272 2375 3312 cum
2412 3267 2585 3316 omni

489 3354 767 3431 equitatu
795 3353 1150 3432 praemittit,
1185 3362 1238 3412 si
1263 3352 1414 3431 quid
1446 3352 1759 3412 celeritate
1802 3351 2041 3412 itineris
2080 3364 2266 3430 atque
2296 3367 2586 3433 opportu-

490 3455 678 3515 nitate
698 3451 738 3486 ¹¹
768 3454 1061 3531 temporis
1092 3454 1390 3531 preficere
1428 3452 1652 3529 possit;
1701 3462 1910 3512 monet
1955 3463 2023 3512 ut
2067 3461 2228 3532 ignis
2268 3455 2331 3513 in
2362 3467 2585 3517 castris

570 3622 653 3671 Cf.
679 3619 698 3654 1
723 3622 1031 3687 diligenter.
1048 3620 1151 3657 —2
1173 3621 1415 3685 pariunt.
1432 3589 1501 3656 ζ
1515 3618 1538 3652 ⁸
1562 3620 1773 3684 cupide.
1790 3620 1893 3657 —⁴
1912 3621 2502 3686 magnificentissimis.
2519 3654 2584 3663 —

483 3703 505 3737 ⁶
527 3706 796 3770 cognevit.
812 3704 914 3741 —6
931 3719 1052 3768 opp.
1077 3705 1305 3768 cupiam.
1325 3731 1394 3739 —
1411 3702 1430 3735 ⁷
1456 3718 1577 3767 opp.
1596 3705 1853 3754 maxime.
1869 3704 1969 3741 —8
1996 3708 2309 3758 moraretur.
2331 3736 2398 3744 —
2413 3708 2437 3742 ⁹
2460 3725 2567 3775 opp

486 3789 736 3854 primam.
751 3785 876 3824 —10
898 3787 1292 3839 contabulavit.
1309 3815 1378 3823 —
1394 3785 1434 3818 1¹
1461 3789 1754 3839 occasiune.
