2819 4297
430 307 516 387 38
1189 304 1251 366 T
1240 304 1321 367 lte
1349 304 1569 368 Gallie
1612 305 1781 368 War.
2285 317 2517 384 [casn

425 506 583 557 tatui
649 498 1027 558 committere
1094 497 1381 569 audebat,
1444 495 2008 556 commodissimum
2075 516 2215 557 esse
2281 499 2512 573 statuit,

429 598 716 657 omnibus
774 607 951 675 equis
1009 598 1207 657 Gallis
1259 597 1573 674 equitibus
1632 597 1944 671 detractiS,
2004 606 2079 658 eo
2143 598 2516 676 legionarios

429 698 654 756 milites
716 698 977 775 legionis
1036 697 1329 769 decimae,
1385 696 1484 755 cui
1543 716 1727 773 quarn
1785 699 2048 757 maxime
2115 695 2517 773 confidebat,¹

430 799 762 874 imponere,
799 808 865 857 ut
904 797 1278 874 praesidium
1299 796 1319 830 ²
1348 816 1534 873 quam
1572 798 2026 871 amicissimum,
2062 807 2114 857 si
2147 798 2296 875 quid
2329 796 2519 877 opus⁸

368 916 394 970 5
429 900 595 957 facto
640 909 821 971 esset,
856 900 1128 959 haberet.
1219 899 1406 972 Quod
1450 918 1589 957 cum
1619 899 1809 971 fieret,
1843 906 1968 958 non
2014 897 2337 960 inridicule
2389 909 2517 977 qui-

429 1000 568 1058 dam
602 1018 677 1058 ex
707 1000 1004 1059 militibus
1034 999 1309 1060 decimae
1341 999 1604 1077 legionis
1636 999 1790 1058 dixit
1820 999 1957 1076 plus
1990 1019 2174 1076 quam
2205 999 2515 1077 pollicitus

429 1108 593 1159 esset
625 1101 956 1160 Caesarem
984 1102 1225 1174 facere3
1272 1099 1613 1176 pollicitum
1659 1106 1727 1158 se
1763 1100 1825 1158 in
1859 1099 2129 1161 cohortis
2172 1099 2515 1177 praetoriae

429 1200 567 1259 loco
597 1200 899 1260 decimam
930 1202 1235 1279 legionem
1262 1201 1614 1261 habiturum
1635 1227 1648 1274 ;
1668 1197 1691 1231 ⁴
1733 1202 1813 1260 ad
1843 1220 2069 1277 equum
2100 1201 2454 1260 rescribere.

672 1366 836 1409 Caesax·
863 1368 1040 1409 Pleads
1064 1368 1189 1408 with
1216 1367 1512 1416 Ariovistus,
1542 1367 1628 1407 but
1656 1367 1869 1407 Renew·
1904 1367 1982 1407 his
2009 1366 2272 1407 Demando.

511 1511 606 1560 43.
669 1502 961 1562 Planities
1006 1512 1137 1561 erat
1177 1510 1400 1577 magna
1432 1510 1494 1559 et
1539 1500 1601 1558 in
1639 1509 1712 1559 ea
1742 1501 2011 1559 tumulus
2041 1508 2320 1559 terrenus
2364 1503 2516 1560 satis

334 1619 394 1655 ¹0
428 1603 697 1680 grandiS.
788 1605 913 1661 Hic
944 1603 1114 1660 locus
1156 1608 1356 1676 aequo
1386 1602 1518 1659 fere
1534 1598 1562 1685 ⁵¹
1600 1601 1804 1676 spatio
1849 1600 1928 1659 ab
1973 1607 2190 1658 castris
2222 1600 2516 1659 Ariovisti

431 1713 492 1762 et
545 1702 829 1763 Caesaris
882 1702 1109 1760 aberat.
1224 1703 1331 1773 Eo,
1386 1710 1455 1759 ut
1505 1709 1635 1759 erat
1687 1699 1936 1772 dictum,
1991 1697 2071 1757 ad
2123 1699 2515 1775 conloquium

430 1810 744 1862 venerunt.
835 1802 1173 1878 Legionem
1217 1803 1450 1860 Caesar
1496 1820 1682 1876 quam
1735 1807 1911 1876 equis
1956 1800 2286 1859 devexerat
2326 1800 2518 1877 passi·

430 1905 545 1963 bus
570 1905 854 1963 ducentis
877 1903 956 1962 ab
981 1909 1057 1961 eo
1081 1902 1317 1962 tumulo
1341 1901 1681 1960 constituit.
1772 1903 1930 1960 Item
1955 1899 2196 1977 equites
2221 1899 2517 1960 Ariovisti

430 2013 563 2082 pari
593 2005 914 2065 intervallo
944 1999 1401 2064 constiterunt.⁶
1485 2001 1837 2061 Ariovistus
1875 2021 1950 2061 ex
1985 2009 2162 2079 equis
2207 2011 2274 2061 ut
2316 2002 2518 2062 conlo-

335 2127 393 2180 ¹5
431 2116 761 2185 querentur
811 2116 873 2166 et
919 2115 1162 2183 praeter
1212 2111 1277 2165 se
1323 2103 1521 2164 denos
1573 2103 1652 2164 ad
1699 2102 2094 2181 conloquium
2141 2103 2518 2165 adducerent

430 2208 779 2284 postulavit.
868 2207 995 2266 Ubi
1040 2215 1115 2266 eo
1159 2215 1413 2265 ventum
1458 2214 1572 2279 est,
1607 2207 1839 2265 Caesar
1870 2204 2047 2266 initio
2078 2192 2376 2265 orationis
2405 2224 2518 2264 sua

432 2318 806 2385 senatusque
879 2307 941 2365 in
1015 2327 1155 2367 eum
1227 2307 1532 2366 beneficia
1589 2302 2134 2378 commemoravit,⁷
2190 2305 2355 2382 quod
2413 2312 2520 2364 rex

432 2409 777 2485 appellatus
849 2416 1015 2466 esset
1086 2416 1122 2465 a
1194 2415 1431 2478 senatu,
1493 2405 1661 2481 quod
1727 2413 1979 2478 amicuS,
2041 2406 2208 2482 quod
2266 2415 2519 2466 munera

432 2508 805 2584 amplissime
850 2509 1076 2580 missa3
1124 2526 1307 2583 quam
1352 2526 1481 2565 rem
1525 2515 1588 2565 et
1632 2514 1848 2582 paucis
1907 2505 2243 2583 contigisse
2286 2515 2349 2565 et
2405 2513 2517 2583 pro

334 2629 395 2663 20
430 2617 671 2684 magnis
714 2608 1031 2666 hominum
1082 2607 1301 2666 officiis
1352 2612 1690 2665 consuesse
1740 2604 1926 2664 tribui
1974 2605 2281 2678 docebat;
2328 2605 2515 2678 illum,

431 2727 571 2767 curn
594 2727 795 2783 neque
826 2708 1061 2766 aditum
1085 2726 1285 2783 neque
1317 2724 1570 2765 causam
1600 2704 1956 2782 postulandi
1988 2704 2212 2764 iustam
2243 2706 2515 2779 haberet,

431 2808 732 2869 beneficio
763 2828 837 2867 ac
867 2807 1234 2866 liberalitate
1272 2815 1383 2866 sua
1425 2826 1499 2865 ac
1541 2814 1790 2865 senatus
1823 2823 1896 2864 ea
1925 2804 2200 2881 praemia
2229 2812 2519 2865 consecu-

431 2921 577 2970 tum.
668 2911 951 2968 Docebat
979 2908 1167 2967 etiarn
1198 2926 1384 2983 quarn
1423 2913 1663 2967 veteres
1710 2924 2020 2983 quamque
2052 2905 2249 2965 iustae
2291 2924 2518 2965 causae

430 3009 904 3070 necessitudinis
929 3008 1081 3085 ipsis
1104 3028 1245 3067 cum
1274 3008 1560 3068 Haeduis
1586 3006 2057 3080 intercederent,
2079 3025 2236 3082 quae
2268 3015 2520 3066 senatus

333 3126 393 3178 25
431 3111 727 3182 consulta,
762 3110 1050 3186 quotiens
1083 3129 1389 3187 quamque
1440 3108 1779 3168 honorifica
1819 3108 1882 3165 in
1926 3115 2036 3167 eos
2079 3107 2246 3165 facta
2290 3116 2517 3179 essent,

430 3220 497 3269 ut
538 3218 709 3268 omni
751 3219 1026 3286 tempore
1075 3217 1266 3269 totius
1305 3209 1546 3269 Galliae
1584 3207 1999 3286 principatum
2047 3204 2301 3265 Haedui
2353 3216 2522 3265 tenu-

430 3311 641 3384 issent,
694 3310 864 3387 prius
917 3310 1103 3370 etiam
1157 3329 1341 3387 quam
1392 3318 1668 3368 nostram
1721 3306 2054 3366 amicitiam
2113 3306 2517 3382 adpetissent.

431 3413 688 3487 ‘Populi
720 3412 988 3470 Romani
1027 3411 1188 3470 hanc
1217 3429 1355 3468 esse
1397 3402 1949 3468 consuetudinem⁸
1987 3416 2055 3465 ut
2092 3407 2296 3466 socios
2337 3417 2521 3483 atque

429 3519 660 3571 amicos
693 3519 816 3570 non
850 3511 1034 3569 modo
1081 3518 1176 3569 sui
1220 3509 1373 3567 nihil
1416 3509 1773 3585 deperdere,
1808 3507 1920 3566 sed
1949 3508 2164 3585 gratia,
2199 3507 2517 3585 dignitate,

496 3663 578 3712 Cf.
604 3661 622 3694 1
650 3659 978 3726 confidebat,
1000 3676 1048 3724 p.
1079 3659 1153 3725 36,
1173 3661 1207 3708 l.
1235 3674 1261 3707 2
1269 3658 1431 3726 5.—-2
1448 3660 1739 3724 praesidio,
1760 3672 1837 3717 22,
1860 3671 1878 3705 1
1892 3654 2050 3723 5.--8
2073 3670 2228 3722 opus,
2255 3670 2335 3720 30,
2363 3670 2521 3718 27.—

425 3745 449 3780 4
472 3747 686 3811 habuit,
717 3758 791 3811 25,
820 3743 981 3807 7.—⁶
1006 3742 1136 3809 fere,
1166 3744 1243 3801 26,
1273 3757 1345 3804 14.
1363 3742 1470 3780 —⁶
1494 3742 1871 3807 constiterant,
1907 3754 1985 3800 21,
2016 3753 2056 3789 1.
2075 3737 2179 3777 -7
2204 3751 2523 3791 commemo-

425 3831 660 3895 rassent,
693 3843 767 3888 12,
796 3827 953 3876 2.-⁸
979 3826 1438 3891 consuetudinem,
1468 3825 1545 3885 28,
1573 3839 1644 3874 21.
