2819 4297
312 290 366 338 Β.
393 289 460 338 G.
484 288 524 336 1.
553 287 655 353 32.]
799 276 1164 360 Campazgrn
1195 276 1471 359 against
1501 275 1905 338 Ariovistus,
2311 289 2400 355 29

804 517 909 559 The
935 517 1094 559 Gaulo*
1113 517 1240 558 have
1266 528 1330 558 no
1360 516 1504 568 Hope
1530 517 1617 558 but
1642 517 1692 557 in
1719 515 1898 557 Cant.

391 652 530 713 Nisi
574 653 723 731 quid
764 652 827 710 in
874 654 1140 711 Caesare
1186 651 1539 728 populeque
1588 652 1875 708 Remane
1917 649 1996 709 sit
2036 649 2239 723 auxili,
2278 668 2399 709 om-

307 753 489 813 nibus
541 753 738 812 Gallis
783 751 946 811 idem
991 770 1129 811 esse
1173 750 1526 810 faciendum
1582 749 1749 825 quod
1804 746 2075 809 Helvetii
2123 750 2398 822 fecerint,

308 863 374 913 ut
415 853 602 913 dome
646 852 962 930 emigrent,
1009 850 1175 910 aliud
1221 849 1597 910 domicilium
1643 849 1796 908 alias
1842 851 2008 909 sedis
2049 857 2318 909 remetas
2361 859 2400 910 a

308 955 634 1014 Germanis
662 962 878 1031 petant
913 952 1364 1027 fortunamque,
1403 969 1832 1027 quaecumque
1879 950 2134 1022 accidat,
2172 951 2401 1026 experi-

310 1062 503 1115 antur.
593 1055 773 1112 Haec
804 1061 857 1112 si
893 1052 1213 1112 enuntiata
1257 1050 1571 1110 Arioviste
1603 1050 1744 1122 sint,
1778 1058 1904 1109 nen
1941 1051 2220 1110 dubitare
2251 1058 2397 1126 quin

308 1153 385 1213 de
416 1152 705 1213 omnibus
734 1152 1059 1213 obsidibus
1101 1161 1204 1228 qui
1251 1152 1417 1228 apud
1461 1169 1601 1209 eum
1632 1151 1757 1210 sint
1794 1150 2220 1228 gravissimum
2262 1169 2399 1226 sup-

310 1253 559 1331 plicium
589 1262 805 1313 sumat.
897 1255 1226 1312 Caesarem
1249 1252 1345 1311 vel
1368 1251 1731 1311 aucteritate
1754 1259 1865 1310 sua
1891 1259 2072 1326 atque
2098 1249 2400 1309 exercitus

309 1354 406 1415 vel
462 1362 693 1414 recenti
744 1352 997 1413 victeria
1042 1353 1136 1412 vel
1199 1352 1447 1412 nemine
1500 1350 1714 1428 populi
1776 1352 2043 1410 Remani
2093 1350 2400 1409 deterrere

309 1473 490 1532 posse
522 1461 600 1513 ne
630 1455 824 1513 maior
852 1452 1180 1513 multitfids)
1210 1453 1659 1512 Germanarum
1686 1451 1978 1510 Rhenum
2008 1447 2400 1522 traducatur‚¹

311 1554 698 1630 Galliamque
727 1572 969 1613 omnem
1001 1553 1079 1612 ab
1111 1551 1406 1611 Ariovisti
1439 1551 1659 1610 iniuria
1689 1569 1875 1628 posse
1907 1550 2280 1610 defendere!

2183 1670 2192 1719 l

309 1736 412 1779 The
438 1737 651 1789 Sequani
679 1736 884 1778 Remain
913 1736 1086 1777 Silent.
1142 1734 1423 1775 Diviciacus
1450 1734 1629 1775 Shows
1660 1734 1791 1775 their
1827 1733 2094 1785 Desperate
2122 1720 2399 1775 condition.

393 1881 488 1930 32.
550 1873 692 1931 Hac
721 1871 998 1931 eratiene
1030 1871 1107 1929 ab
1143 1868 1464 1928 Diviciace
1497 1868 1710 1929 habita
1751 1877 1966 1928 omnes
1997 1878 2102 1946 qui
2147 1870 2403 1928 aderant

311 1980 538 2051 magns)
557 1973 703 2032 fletfi
733 1971 1025 2031 auxilium
1055 1979 1093 2030 a
1118 1973 1383 2030 Caesare
1416 1979 1625 2046 petere
1648 1966 2028 2046 coeperunt.2
2112 1969 2401 2028 Animad-

311 2073 492 2133 vertit
516 2075 750 2133 Caesar
779 2069 975 2131 unes³
1004 2090 1079 2129 ex
1110 2069 1397 2129 omnibus
1426 2071 1748 2146 Sequanes
1779 2068 1930 2126 nihil
1964 2078 2172 2128 earum
2202 2077 2400 2128 rerum

309 2176 514 2235 facere
544 2183 698 2251 quas
730 2180 915 2233 ceteri
944 2173 1241 2243 facerent,
1275 2172 1386 2230 sed
1419 2179 1612 2229 tristis
1642 2170 1842 2246 capite
1875 2169 2148 2230 demisse
2177 2165 2399 2230 terrar'n

312 2275 551 2334 intueri.
641 2267 790 2333 Eius
838 2282 924 2333 rei
967 2291 1128 2349 quae
1176 2289 1366 2330 causa
1412 2280 1578 2329 esset
1626 2278 1881 2329 miratus
1921 2289 1997 2328 ex
2042 2270 2192 2347 ipsis
2224 2289 2402 2346 quae-

312 2371 458 2434 siit.4
542 2374 714 2433 Nihil
740 2374 1012 2450 Sequani
1041 2371 1436 2448 respondere,
1472 2371 1582 2429 sed
1614 2369 1675 2428 in
1710 2370 1926 2429 eadem
1958 2369 2203 2430 tristitia
2232 2370 2402 2440 taciti

312 2481 688 2551 permanere.
778 2476 937 2534 Cum
988 2473 1065 2531 ab
1124 2471 1221 2530 his
1280 2470 1530 2547 saepius
1591 2482 1913 2546 quaereret
1957 2489 2160 2546 neque
2219 2472 2402 2530 sillam

310 2582 564 2634 omnine
606 2581 821 2635 vacem
865 2573 1204 2649 exprimere
1234 2580 1466 2648 posset,
1503 2571 1666 2629 idem
1712 2570 2066 2630 Diviciacus
2100 2572 2403 2631 Haeduus

312 2674 679 2751 respondit:
743 2675 923 2733 ‘Hec
974 2691 1113 2731 esse
1166 2671 1543 2730 miserierem
1597 2680 1659 2729 et
1708 2671 2052 2747 gravierem
2096 2672 2402 2730 fortunam

317 2776 740 2850 Sequanerum
798 2792 979 2850 quarn
1042 2769 1459 2848 reliquerum‚⁵
1511 2770 1679 2847 quod
1723 2772 1839 2831 seli
1899 2779 1978 2830 ne
2038 2772 2100 2829 in
2161 2773 2404 2831 occulte

314 2874 565 2951 quidem
596 2871 812 2951 queri⁶
854 2892 1057 2949 neque
1103 2871 1393 2931 auxilium
1441 2871 1766 2949 implerare
1813 2871 2145 2944 auderent3
2194 2872 2407 2931 absen-

311 2973 517 3051 tisque
548 2973 839 3034 Ariovisti
878 2972 1319 3044 crudelitatem,
1353 2971 1523 3031 velut
1570 2981 1622 3031 si
1671 2978 1876 3031 ceram
1908 2971 2173 3043 adesset,
2207 2971 2405 3030 horre·

312 3085 466 3148 rent,
499 3082 822 3152 propterea
853 3074 1020 3151 quod
1065 3072 1316 3148 reliquis
1353 3080 1561 3131 tamen
1593 3071 1776 3148 fugae
1806 3071 2073 3130 facultas
2092 3069 2112 3104 ⁷
2141 3071 2401 3144 daretur,

316 3176 621 3251 Sequanis
664 3181 826 3247 vere,
863 3182 969 3250 qui
1013 3172 1172 3232 intra
1201 3173 1348 3231 finis
1395 3180 1543 3231 sues
1589 3171 1963 3230 Ariovistum
2011 3171 2401 3247 recepissent,

314 3282 574 3351 querum
616 3273 848 3352 oppida
879 3273 1086 3333 omnia
1117 3272 1180 3330 in
1211 3280 1524 3349 potestate
1556 3271 1686 3330 eius
1716 3279 1943 3343 essent,
1978 3277 2192 3331 omnes
2223 3274 2408 3333 cruci—

311 3383 449 3436 atus
480 3383 691 3436 essent
721 3374 1112 3452 perferendi!

397 3524 481 3575 Cf.
506 3523 526 3558 ¹
550 3526 847 3589 traductas,
887 3540 937 3588 p.
964 3537 1042 3585 27,
1067 3522 1102 3570 l.
1131 3536 1207 3571 20.
1231 3549 1300 3558 —
1320 3519 1344 3553 2
1366 3520 1563 3586 coepit,
1601 3534 1678 3582 24,
1716 3520 1790 3570 16.
1814 3551 1881 3558 —
1905 3519 1928 3553 ⁸
1951 3523 2139 3586 finum,
2170 3520 2247 3580 28,
2278 3536 2318 3588 5.
2343 3552 2410 3560 —

310 3609 334 3643 ⁴
357 3610 678 3674 quaerenda,
712 3608 789 3667 16,
819 3607 893 3658 18.
908 3635 976 3644 —-
991 3604 1014 3639 ⁶
1039 3604 1295 3674 reliquas,
1323 3602 1401 3663 26,
1422 3611 1501 3674 23.
1518 3602 1619 3640 -6
1644 3604 1917 3672 queratur,
1951 3603 2025 3662 18,
2049 3617 2097 3671 9.
2113 3602 2214 3640 -7
2239 3603 2412 3661 facul-

309 3694 449 3759 tate,
474 3706 522 3756 7,
546 3707 593 3756 4.

2440 1569 2500 1604 10

2444 2297 2501 2349 ¹5

2443 2799 2506 2834 20

2445 3297 2504 3349 25
