2819 4297
285 294 345 345 Β.
364 295 431 346 G.
452 295 707 363 V11.25.]
741 286 1062 371 Uprisz'ng
1086 286 1169 371 of
1191 283 1377 352 Gaul
1405 286 1621 353 under
1658 287 2152 374 Vercz'ngetomlr.
2251 308 2378 373 203

283 484 513 555 genum
568 477 930 557 plerumque
955 479 977 513 ¹
1046 480 1346 542 intrersus
1417 481 1695 542 revincta
1765 501 1968 560 neque
2039 480 2386 561 perrumpi²

283 597 492 656 neque
536 578 796 639 distrahi
840 589 1065 658 potest.

478 760 584 802 The
611 760 763 802 Gaulo
792 761 877 804 Set
906 761 1018 803 Fir-e
1044 767 1097 804 to
1125 763 1219 804 the
1237 764 1430 805 Roman
1458 764 1645 806 Works
1674 766 1771 807 and
1799 766 1946 808 Make
1973 778 2004 807 a
2030 766 2204 809 Sortie-

366 887 467 936 24.
531 879 656 938 His
708 888 800 939 tot
846 879 1032 940 rebus
1083 879 1379 958 impedite.
1432 882 1892 959 oppfignetiene
1944 883 2187 956 milites,
2242 903 2379 943 cum

281 986 419 1041 tete
478 988 757 1056 tempore
808 980 1036 1057 frigore
1109 990 1172 1040 et
1242 978 1564 1040 adsiduis³
1620 982 1919 1042 imbribus
1976 984 2377 1055 tardarentur,

281 1089 494 1140 tamen
526 1079 872 1139 continenti
905 1080 1114 1141 labere
1145 1081 1354 1140 omnia
1383 1081 1538 1141 haec
1579 1089 2041 1160 superaverunt,
2071 1092 2133 1142 et
2162 1083 2382 1142 diebus
2454 1102 2478 1154 5

284 1197 418 1238 xxv
478 1198 764 1257 aggerem
824 1179 1014 1239 letum
1088 1182 1279 1258 pedes
1353 1198 1627 1255 cccxxx,
1689 1181 1880 1240 altum
1937 1183 2131 1258 pedes
2203 1200 2379 1241 Lxxx

282 1287 734 1341 exstruxerunt.
826 1282 985 1341 Cum
1030 1281 1083 1341 is
1127 1291 1361 1340 murum
1409 1282 1678 1340 hostiurn
1723 1301 1923 1358 paene
1974 1283 2375 1360 contingeret,

284 1390 346 1442 et
379 1383 614 1441 Caesar
658 1381 736 1440 ad
784 1400 944 1458 opus
996 1381 1445 1442 censuetfidine
1486 1383 1816 1442 excubaret
1859 1383 2206 1460 militesque
2246 1384 2380 1443 hor-

284 1488 518 1541 teretur
567 1488 646 1541 ne
692 1482 862 1559 quod
916 1489 1172 1541 omnine
1216 1491 1460 1559 ternpus
1505 1483 1583 1541 ab
1627 1502 1814 1559 opere
1859 1483 2374 1555 intermitteretur,

289 1581 574 1659 —paule
606 1591 751 1641 ante
782 1582 1023 1642 tertiam
1055 1581 1324 1660 vigiliam
1356 1592 1453 1642 est
1483 1582 1979 1643 animadversum
2014 1584 2249 1644 fumare
2279 1604 2377 1662 ag·
2418 1602 2478 1637 10

287 1701 513 1761 gerem,
535 1701 717 1759 quern
750 1682 1035 1742 cunicule
1066 1683 1280 1742 hostes
1310 1679 1827 1756 succenderant⁴3
1860 1684 2202 1762 eedemque
2233 1695 2380 1744 tem-

197 1858 210 1871 ,
289 1802 456 1860 pore,
489 1790 622 1843 tete
654 1791 825 1843 mirre
858 1782 1124 1842 clamere
1170 1783 1434 1856 sublate,
1470 1784 1738 1843 duabus·
1756 1793 1950 1860 portis
1995 1784 2072 1844 ab
2117 1793 2377 1861 utreque

289 1885 479 1943 latere
538 1883 791 1943 turrium
864 1884 1104 1960 eruptie
1174 1883 1386 1943 fiebat.
1505 1884 1628 1942 Alii
1685 1884 1843 1942 facis
1901 1894 2086 1960 atque
2143 1885 2373 1945 eridam

290 1982 608 2044 meteriam
656 1984 736 2043 de
787 1991 960 2043 mure
1000 1983 1065 2041 in
1117 2001 1400 2062 aggerem
1448 1981 1729 2053 eminus⁵
1774 1983 2117 2057 iaciebant3
2177 1985 2377 2061 picem

289 2080 723 2161 reliquasque⁶
771 2091 869 2143 res
915 2084 1141 2161 quibus
1196 2084 1357 2162 ignis
1409 2080 1703 2143 excitari⁷
1746 2093 1952 2161 potest
1994 2085 2374 2159 fundebant3
2420 2101 2475 2154 15

290 2196 371 2259 ut,
406 2193 531 2263 que
560 2194 825 2263 primum
870 2192 1291 2245 occurreretur
1336 2194 1443 2244 aut
1487 2185 1585 2244 cui
1630 2193 1718 2243 rei
1760 2185 2022 2244 ferretur
2065 2185 2372 2259 auxilium,

286 2286 388 2346 vix
438 2285 597 2345 ratie
656 2285 795 2343 iniri
853 2294 1085 2361 posset.
1175 2287 1434 2357 Tamen,
1484 2285 1653 2361 quod
1713 2282 2034 2345 institfite⁸
2091 2287 2377 2346 Caesaris

287 2386 447 2446 duae
499 2404 744 2462 semper
800 2385 1078 2463 legienes
1135 2392 1249 2462 pre
1310 2394 1532 2444 castris
1590 2386 1996 2459 excubabant,
2051 2387 2376 2464 pluresque

287 2494 531 2564 partitis
575 2486 959 2562 temporibus
1003 2495 1182 2545 erant
1227 2485 1289 2543 in
1333 2504 1538 2562 opere,
1576 2487 1855 2545 celeriter
1897 2488 2127 2546 facturn
2172 2498 2268 2548 est
2312 2499 2378 2548 ut

288 2586 392 2646 alii
423 2585 851 2662 eruptienibus
882 2585 1256 2659 resisterent,
1292 2585 1394 2645 alii
1425 2594 1608 2645 turris
1638 2585 2042 2646 reducerent⁹
2072 2607 2379 2666 aggerem·
2416 2615 2476 2650 20

287 2705 408 2764 que
467 2685 1002 2760 interscinderent,
1050 2686 1252 2746 omnis
1310 2693 1457 2747 vere
1516 2706 1593 2746 ex
1642 2696 1862 2748 castris
1920 2688 2247 2750 multitflde
2298 2691 2375 2749 ad

287 2785 790 2864 restinguendum
821 2796 1227 2847 concurreret.

1021 2968 1252 3010 Heroism
1281 2968 1333 3010 of
1357 2969 1444 3011 the
1472 2969 1637 3012 Gaulo.

367 3097 464 3146 25.
526 3088 683 3148 Cum
731 3086 793 3145 in
835 3086 1123 3146 omnibus
1171 3087 1338 3160 locis,
1383 3095 1749 3165 censflmpte
1785 3088 1904 3148 iam
1936 3089 2172 3165 relique.
2203 3101 2375 3166 parte

286 3188 505 3261 noctiS,
539 3195 915 3266 pugnaretur
960 3206 1325 3265 semperque
1355 3188 1643 3247 hostibus
1682 3196 1826 3265 spes
1855 3189 2150 3249 victeriae
2179 3192 2374 3250 redin-

284 3283 791 3366 tegraretur,¹⁰—
813 3295 889 3346 ee
968 3287 1165 3365 magis
1238 3287 1407 3364 quod
1482 3287 1734 3348 desistes
1805 3289 2051 3365 plutees
2121 3291 2375 3349 turrium
2413 3320 2473 3371 25

284 3389 601 3462 videbant,
633 3406 749 3446 nec
780 3386 961 3446 facile
994 3388 1163 3446 adire
1201 3396 1449 3464 apertes
1480 3388 1560 3448 ad
1592 3388 2009 3448 auxiliandum
2031 3387 2077 3422 1¹
2106 3390 2376 3450 animad-

283 3488 626 3560 vertebant,
648 3523 732 3531 —-
750 3506 1115 3564 semperque
1140 3487 1260 3564 ipsi
1286 3495 1569 3547 recentes
1591 3485 1633 3519 ¹²
1661 3490 1925 3549 defessis
1950 3491 2372 3564 succederent,

367 3636 455 3687 Cf.
479 3634 499 3669 1
524 3634 657 3688 fere.
682 3664 750 3672 —
771 3635 794 3668 ²
816 3634 1104 3701 perfringi.
1130 3664 1198 3673 —-
1218 3635 1240 3669 ⁸
1266 3638 1562 3701 perpetuis„
1589 3666 1657 3675 —
1675 3637 1699 3671 4
1723 3639 2091 3691 incenderant.
2119 3668 2185 3675 —
2205 3639 2227 3672 ⁵
2252 3656 2371 3704 opp.

280 3720 596 3774 comminus.
611 3717 715 3757 -θ
739 3721 962 3771 ceteris.
981 3748 1047 3756 —-
1065 3719 1085 3751 ⁷
1110 3735 1229 3784 opp.
1271 3720 1559 3784 restingui.
1576 3720 1677 3756 -8
1703 3722 1948 3787 censilie,
1985 3722 2154 3773 iesse.
2171 3722 2274 3758 -9
2296 3736 2377 3773 re-

282 3805 579 3857 moverent.
599 3832 667 3840 -
683 3801 726 3836 1⁰
752 3804 1117 3854 renovaretur.
1138 3831 1206 3838 —
1223 3800 1267 3834 ¹1
1291 3802 1561 3853 auxilium
1595 3801 1897 3854 ferendum.
1918 3832 1985 3839 —
2002 3802 2046 3835 ¹²
2069 3805 2289 3869 integri.
