2819 4297
431 305 565 371 204
1161 287 1293 354 The
1343 288 1561 354 Gallie
1611 290 1778 355 War.
2293 297 2526 369 [casm

429 502 798 561 omnemque
828 483 1069 544 Galliae
1098 483 1360 543 saltitem
1393 483 1458 541 in
1487 482 1595 543 illo
1638 483 1900 561 vestigio
1930 481 2226 560 temporis
2255 485 2523 560 positam

429 583 901 653 arbitrarentur;
963 583 1188 642 accidit
1247 583 1743 660 inspectantibus
1799 584 1985 643 nobis
2043 583 2210 659 quod
2268 584 2524 661 dignum

430 682 722 743 memoria
744 691 943 742 visum
967 684 1481 760 praetereundum
1501 679 1521 714 ¹
1542 691 1666 743 non
1686 683 2185 743 existimavimus,
2248 684 2527 759 Quidam

431 792 574 842 ante
603 792 838 858 portam
872 784 1087 861 oppidi
1116 784 1335 843 Gallus
1381 803 1493 861 per
1538 793 1755 842 mansis
1801 784 1934 843 sebi
1972 803 2046 842 ac
2076 782 2233 860 picis
2263 784 2556 845 traditas·

369 901 394 955 5
428 882 642 961 glebas
672 883 737 941 in
769 891 972 962 ignem
1003 864 1075 944 ’ἐ
1120 883 1373 962 regione
1423 883 1606 943 turris
1650 883 2026 961 proiciebat;
2073 882 2398 960 scorpione
2445 885 2525 944 ab

1236 2000 1336 2043 Fxo.
1360 2014 1424 2053 95.
1440 2023 1492 2031 —
1506 2001 1711 2043 Soonrro.

428 2154 619 2215 latere
650 2155 867 2216 dextro
910 2150 1244 2215 traiectus⁸
1285 2152 1798 2229 exanimatusque
1842 2153 2132 2214 concidit.
2224 2156 2414 2215 Hunc
2444 2175 2524 2217 ex

427 2255 722 2333 proximis
767 2266 925 2315 finus
978 2257 1282 2315 iacentem
1325 2263 1749 2331 transgressus
1808 2255 2026 2313 eodem
2072 2254 2177 2315 illo
2227 2254 2524 2316 miinere4

426 2355 832 2433 fungebatun
878 2357 1095 2415 eadem
1126 2355 1363 2415 ratione
1395 2354 1520 2414 icti]
1560 2353 1902 2431 scorpionis
1946 2355 2294 2416 exanimato
2325 2357 2523 2417 altero

428 2455 729 2516 successit
759 2455 978 2516 tertius
1023 2466 1086 2516 et
1128 2455 1310 2516 tertio
1357 2465 1647 2531 quartus;
1696 2473 1812 2513 nec
1855 2454 2025 2531 prius
2065 2455 2167 2516 ille
2196 2465 2290 2515 est
2318 2464 2356 2516 ὃ,
2385 2464 2522 2532 pro-

335 2574 396 2610 10
430 2555 878 2634 piignatoribus
925 2575 1154 2614 vacuus
1199 2556 1450 2615 relictus
1494 2554 1666 2613 locus
1711 2574 1912 2630 quam,
1960 2561 2253 2615 restincto
2297 2574 2520 2633 aggere

430 2665 615 2731 atque
674 2664 841 2715 omni
898 2666 1072 2732 parte
1133 2656 1438 2715 submotis
1497 2654 1798 2727 hostibuS,
1851 2654 2000 2714 finis
2058 2666 2155 2716 est
2201 2657 2522 2734 pfignandi

427 2757 648 2816 factus,

512 2905 617 2947 The
644 2905 796 2947 Gaulo
827 2905 1036 2956 Prepare
1061 2909 1115 2946 to
1139 2904 1495 3012 Abandowhe
1522 2905 1695 2954 Town,
1724 2905 1812 2946 but
1839 2916 1921 2946 are
1949 2904 2227 2947 Dissuaded
2252 2906 2318 2955 by
2342 2906 2429 2947 the

1427 2983 1588 3013 omen·

508 3100 604 3149 26.
664 3091 890 3152 Omnia
946 3100 1181 3169 experti
1239 3091 1423 3163 Galli,
1484 3092 1650 3166 quod
1705 3090 1729 3123 ⁵
1746 3098 1843 3150 res
1901 3090 2067 3150 nfilla
2118 3102 2519 3165 successerat,

423 3200 675 3272 postero
704 3192 805 3253 die
835 3192 1163 3253 consilium
1194 3199 1489 3269 ceperunt
1520 3211 1596 3252 ex
1624 3191 1856 3268 oppido
1887 3192 2213 3270 profugere
2237 3192 2524 3253 hortante

332 3307 389 3361 ¹5
425 3302 488 3354 et
522 3292 773 3353 iubente
825 3293 1350 3371 Vercingetorige.
1444 3293 1521 3352 Id
1566 3291 1813 3353 silentio
1871 3292 2071 3351 noctis
2129 3300 2336 3352 conati
2393 3300 2523 3352 non

423 3396 648 3471 magna
678 3390 950 3454 iactfira⁶
977 3402 1228 3454 suorum
1259 3401 1398 3453 sese
1429 3393 1760 3453 effectfiros
1785 3394 2150 3470 sperabant;
2196 3401 2524 3470 propterea

425 3494 593 3571 quod
620 3513 824 3571 neque
856 3494 1038 3572 longe
1069 3495 1147 3554 ab
1178 3494 1408 3571 oppido
1447 3502 1651 3553 castra
1689 3493 2214 3571 Vercingetorigis
2244 3492 2520 3566 aberant,

424 3605 486 3655 et
513 3594 691 3673 paliis
720 3603 1037 3672 perpetua,
1070 3614 1228 3672 quae
1262 3594 1704 3667 intercedebat,
1742 3596 2057 3653 Romanos
2088 3593 2168 3652 ad
2198 3601 2525 3670 insequen-

508 3728 592 3777 Cf.
624 3727 643 3761 1
668 3728 1051 3780 omittendum.
1077 3757 1145 3765 -
1166 3727 1189 3761 ²
1213 3743 1280 3780 ex
1314 3729 1562 3780 adverso.
1587 3754 1656 3763 -—-
1677 3726 1700 3760 ⁸
1721 3724 2076 3779 transfossus.
2102 3754 2172 3763 —
2188 3725 2212 3759 4
2236 3724 2427 3778 officio.
2452 3753 2523 3762 —-

420 3808 444 3845 ⁶
465 3811 610 3863 nihil
632 3809 990 3876 profecerant.
1005 3810 1108 3849 -θ
1131 3811 1472 3864 detrimento.
