2819 4297
440 309 568 361 222
1176 292 1308 355 The
1361 292 1582 356 Gallie
1631 292 1801 356 War.
2305 303 2541 371 [Cffisxn

402 511 407 516 ·
438 498 549 562 set,
590 495 766 548 tante
810 506 997 565 opere
1037 481 1390 546 licentiam¹
1432 480 2026 563 adrogantiamque²
2066 485 2540 563 reprehendere,

439 590 608 667 quod
655 589 794 666 plfis
849 595 915 647 se
963 607 1147 665 quam
1200 587 1629 662 impereterem
1682 586 1760 644 de
1809 585 2066 644 victerie
2125 594 2310 662 atque
2370 586 2545 647 exitu

439 697 637 749 rerum
669 697 896 748 sentire
920 687 1342 747 existimarent
1366 709 1380 758 3
1429 705 1543 745 nec
1567 685 1768 744 minus
1794 692 1860 745 se
1885 694 1922 744 a
1949 684 2139 744 milite
2170 685 2542 746 modestiam

439 798 502 848 et
533 787 974 848 continentiam
1014 805 1201 863 quam
1237 786 1524 845 virtutem
1570 794 1756 861 atque
1792 780 2022 845 ⁸animi
2053 785 2542 863 magnitudinem

377 909 404 962 5
441 889 810 948 desiderare.

664 1072 806 1114 After
832 1072 980 1114 Some
1007 1072 1351 1124 Skirmishing,
1382 1070 1550 1114 Cesar
1575 1070 1753 1113 Move·
1777 1071 2001 1112 towards
2026 1070 2113 1112 the
2140 1069 2337 1112 Hedui.

525 1217 619 1267 53.
682 1210 825 1268 Hac
853 1208 1066 1268 habite
1096 1207 1386 1268 contiene
1418 1216 1479 1267 et
1510 1207 1590 1265 ad
1622 1213 1954 1267 extremam
1973 1202 1996 1237 ⁴
2025 1205 2366 1266 eritienem
2397 1216 2535 1268 cen·

440 1311 704 1369 firmetis
735 1308 1047 1382 militibuS,
1083 1314 1161 1367 ne
1191 1308 1272 1367 ob
1303 1307 1466 1367 hanc
1497 1326 1747 1366 causam
1781 1306 1987 1365 anime
2016 1313 2539 1384 permoverentur,

443 1430 582 1483 neu,
610 1410 778 1487 quod
809 1409 1102 1486 iniquitas
1133 1408 1253 1467 loci
1285 1407 1611 1480 attulisset,
1646 1406 1710 1465 id
1742 1405 1987 1467 virtuti⁵
2015 1406 2285 1466 hostiurn
2317 1407 2544 1469 tribue-

442 1520 604 1583 rent3
651 1510 870 1569 eadem
921 1509 1000 1568 de
1058 1509 1440 1585 profectiene
1499 1506 1779 1585 cegitens
1828 1526 1989 1584 quae
2035 1517 2180 1567 ante
2240 1515 2537 1583 senserat,

350 1628 409 1665 ιο
442 1609 721 1687 legienes
751 1628 828 1668 ex
858 1618 1077 1668 castris
1122 1609 1333 1668 edfixit
1377 1607 1695 1685 aciemque
1740 1606 1969 1668 idenee
2013 1608 2154 1669 loce
2197 1609 2538 1671 censtituit.

445 1711 603 1770 Cum
647 1707 1113 1787 Vercingetorix
1157 1708 1350 1768 nihile
1394 1709 1593 1786 magis
1638 1707 1701 1766 in
1746 1727 2010 1786 aequum
2055 1709 2256 1769 locum
2288 1709 2543 1769 descen-

445 1811 635 1883 deret,
668 1810 789 1870 levi
814 1811 984 1871 facte
1012 1818 1282 1888 equestri
1313 1809 1552 1886 proelio
1590 1818 1777 1886 atque
1811 1817 1886 1869 ee
1917 1811 2211 1882 secundo,
2245 1809 2307 1868 in
2339 1820 2543 1871 castra

445 1911 779 1972 exercitum
809 1909 1066 1970 redfixit.
1155 1912 1313 1971 Cum
1345 1910 1467 1969 hec
1497 1910 1658 1969 idem
1692 1917 1944 1986 postere
1964 1911 2064 1970 die
2083 1911 2355 1984 fecisset,
2388 1912 2542 1971 satis

446 2013 527 2072 ad
570 2012 871 2072 Gallicam
901 2006 1420 2071 ostentetienem⁶
1448 2010 1845 2069 minuendam
1876 2010 2260 2086 militumque
2299 2009 2543 2071 animes

350 2128 410 2183 15
445 2113 907 2174 cenfirmandes
946 2111 1178 2171 facturn
1223 2110 1601 2183 existimem,
1634 2109 1696 2169 in
1748 2110 2049 2170 Haedues
2094 2109 2285 2171 mevit
2319 2121 2537 2172 castra.

448 2216 545 2274 Ne
601 2223 730 2273 tum
789 2212 1038 2289 quidem
1097 2221 1393 2271 insecutis
1452 2210 1758 2284 hostibuS,
1812 2211 1995 2270 tertie
2044 2210 2145 2270 die
2189 2211 2269 2270 ad
2312 2210 2542 2271 flumen

450 2314 671 2373 Elaver
700 2315 895 2381 vini&
938 2321 1144 2389 pontis
1175 2312 1388 2372 refecit
1422 2321 1606 2388 atque
1640 2312 1973 2370 exercitum
2005 2311 2289 2372 traduxit.

549 2495 628 2538 He
654 2496 699 2537 i·
725 2494 1002 2537 confirmed
1029 2495 1079 2536 in
1108 2495 1186 2536 his
1222 2495 1481 2547 suspicion
1507 2495 1619 2537 that
1654 2495 1739 2537 the
1777 2494 1955 2536 Hedui
1986 2494 2133 2537 Mean
2163 2499 2217 2537 to
2245 2494 2440 2545 Revolt„

1094 2561 1181 2603 but
1208 2562 1346 2603 Tries
1371 2567 1426 2602 to
1454 2561 1701 2603 Dissuade
1727 2562 1880 2603 thern.

531 2690 625 2739 54.
687 2681 786 2741 Ibi
815 2689 852 2741 Ξι
883 2681 1271 2742 Viridomere
1301 2692 1488 2759 atque
1524 2681 1939 2759 Eporedorige
1969 2682 2253 2742 Haeduis
2278 2681 2542 2760 appelle.-

448 2790 564 2854 ωε,
620 2780 804 2841 discit
852 2801 991 2842 cum
1042 2791 1209 2841 omni
1261 2782 1542 2858 equitatu
1592 2780 1936 2841 Litavicum
1989 2781 2070 2840 ad
2116 2781 2543 2842 sollicitandes

349 2896 411 2932 20
450 2882 754 2943 Haedues
797 2882 1177 2959 profectum3
1222 2879 1421 2959 opus⁷
1463 2901 1602 2941 esse
1648 2882 1819 2958 ipses
1863 2882 2233 2942 antecedere
2280 2882 2361 2941 ad
2400 2890 2544 2942 cen·

445 2983 814 3042 firmandam
873 2982 1202 3042 civitatem.
1293 2984 1426 3042 Etsi
1498 2982 1707 3042 multis
1780 2981 1927 3046 iam.
1973 2983 2159 3042 rebus
2219 2981 2541 3059 perfidiam

452 3083 854 3143 Haeduerum
912 3091 1300 3159 perspectam
1358 3083 1650 3155 habebat,
1712 3093 1899 3160 atque
1970 3082 2191 3142 herum
2263 3082 2543 3143 discessi]

447 3177 778 3243 metfireri⁸
833 3179 1289 3242 defectienem⁹
1342 3182 1614 3243 civitatis
1671 3182 2101 3255 existimabam
2169 3192 2375 3242 tamen
2434 3190 2544 3242 ees

447 3282 807 3342 retinendes
826 3279 869 3314 ¹⁰
896 3290 1022 3342 nen
1067 3283 1324 3355 censuit,
1360 3290 1439 3342 ne
1485 3292 1591 3342 aut
1636 3283 1861 3342 inferre
1908 3283 2190 3342 iniuriam
2234 3282 2545 3343 videretur

349 3411 374 3446 2
383 3409 410 3463 5
448 3391 554 3441 aut
599 3384 773 3442 daret
811 3382 1049 3444 timeris
1090 3383 1358 3460 aliquam
1405 3383 1841 3460 suspicienem.
1934 3383 2418 3444 Discedentibus
2453 3392 2546 3443 eis

446 3482 713 3542 breviter
762 3502 876 3542 sua
926 3482 988 3541 in
1032 3483 1337 3542 Haedues
1383 3483 1602 3542 merita
1658 3484 1977 3560 exposuit3
2024 3491 2181 3561 ques
2238 3493 2301 3543 et
2357 3502 2546 3559 quam

515 3648 599 3697 Cf.
625 3647 645 3682 ¹
664 3664 784 3713 opp.
800 3649 1208 3702 continentiam.
1226 3677 1294 3686 —
1306 3648 1330 3683 2
1349 3665 1470 3713 opp.
1491 3650 1840 3702 modestiam.
1859 3680 1926 3688 —
1938 3650 1962 3684 ⁸
1980 3666 2101 3714 opp.
2121 3649 2542 3715 turpitfidinem.

445 3761 515 3770 —
534 3731 559 3765 ⁴
581 3748 701 3797 opp.
738 3733 991 3798 primam.
1015 3761 1086 3770 -
1105 3730 1129 3765 ⁶
1152 3730 1486 3784 fortitfidini’.
1513 3760 1580 3769 —
1600 3731 1624 3765 ⁶
1650 3734 2048 3797 adrogantiam.
2075 3760 2146 3772 —
2166 3731 2188 3766 ⁷
2215 3744 2451 3784 necesse.
2474 3759 2536 3771 --

446 3815 467 3849 ⁸
493 3832 612 3880 opp.
638 3817 861 3868 tardiri.
880 3814 981 3851 —9
1005 3815 1346 3867 seditienem.
1366 3844 1435 3852 —
1449 3813 1492 3848 ¹⁰
1517 3830 1636 3879 opp.
1663 3816 2038 3868 dimittendes.
