2819 4297
361 213 456 291 64
1090 211 1244 275 ‘The
1295 211 1514 276 Gallie
1559 213 1730 277 War.
2224 223 2456 290 [Casu

362 402 670 482 legienem
704 402 1009 466 decimam
1055 404 1320 464 devenit.
1413 404 1646 465 Milites
1695 413 1822 466 nen
1860 404 2138 483 longiore
2179 404 2458 465 eratione

364 505 719 565 cohortatus
761 525 946 581 quam
994 514 1084 564 uti
1131 525 1279 565 suae
1320 505 1617 582 pristinae
1648 505 1888 565 virtutis
1927 505 2285 565 memoriam
2326 504 2460 565 reti·

363 612 582 665 nerent
638 624 761 664 neu
833 601 1373 682 perturbarentur²
1446 605 1651 666 anime
1709 605 2102 682 hostiumque
2160 604 2458 682 impetum

362 705 604 765 fortiter
633 705 1023 780 sustinerent,
1059 706 1226 782 quod
1266 714 1393 767 nen
1437 706 1680 783 longius
1720 707 1934 767 hostes
1975 706 2234 765 aberant
2272 725 2458 782 quam

303 828 330 882 5
368 814 492 883 que
538 807 726 866 telum
773 805 933 865 adici
985 816 1216 884 posset,
1263 806 1461 884 proeli
1504 807 1930 866 committendi
1974 814 2218 884 signum
2265 805 2457 866 dedit.

365 910 571 983 Atque
613 907 677 966 in
710 908 966 967 alteram
1009 917 1245 985 partem
1287 907 1434 966 item
1480 907 1849 968 cohortandi
1894 915 2082 967 cause
2124 907 2457 984 profectuS,

363 1008 781 1086 pugnantibus
824 1009 1104 1068 occurrit.
1192 1008 1517 1085 Temporis
1561 1017 1735 1067 tanta
1792 1007 1910 1067 fuit
1958 1008 2266 1085 *exiguitas
2324 1008 2461 1067 hos-

364 1108 641 1186 tiumque
678 1119 805 1169 tam
842 1105 1138 1186 paretus²
1180 1109 1259 1169 ad
1301 1109 1721 1168 dimicandum
1751 1107 1992 1168 animus
2023 1118 2090 1168 ut
2120 1116 2244 1168 nen
2275 1107 2461 1167 modo

366 1209 446 1269 ad
476 1209 744 1287 insignia
794 1210 1321 1269 accommodanda
1374 1210 1486 1268 sed
1524 1209 1709 1268 etiarn
1744 1210 1822 1268 ad
1864 1209 2074 1286 galeas
2110 1208 2461 1268 induendas

270 1338 330 1373 10
366 1319 681 1387 scutisque
727 1311 1064 1387 tegimenta
1123 1310 1510 1369 detrahenda.
1578 1319 1823 1387 tempus
1883 1308 2163 1368 defuerit.
2254 1308 2458 1382 Quam

367 1411 628 1487 quisque
678 1410 755 1469 ab
794 1429 981 1487 opere
1026 1410 1090 1468 in
1134 1419 1371 1486 partem
1432 1418 1582 1469 cessi
1625 1409 1889 1482 devenit,
1937 1427 2218 1485 quaeque
2264 1416 2461 1484 prima

368 1519 545 1587 signa
595 1510 919 1587 conspexit
974 1510 1051 1568 ad
1109 1510 1266 1569 haec
1312 1505 1636 1583 constitit‚⁸
1665 1516 1742 1567 ne
1796 1508 1859 1566 in
1907 1508 2279 1585 quaerendis
2331 1515 2460 1567 suis

366 1611 681 1686 pugnandi
713 1619 955 1687 tempus
988 1609 1335 1670 dimitteret.

890 1752 995 1793 The
1023 1752 1245 1804 varying
1273 1752 1515 1793 Fortunes
1545 1753 1597 1794 oi
1622 1752 1709 1793 the
1735 1752 1917 1794 Battle.

451 1879 545 1929 22.
606 1863 918 1931 Tnstrficte
958 1870 1227 1929 exercitii
1268 1870 1465 1948 magis
1505 1879 1572 1930 ut
1611 1870 1729 1930 loci
1769 1880 1988 1930 natura
2028 1867 2463 1947 deiectusque⁴

198 1982 204 1988 ’
270 1992 331 2046 15
367 1971 543 2032 collis
600 1981 662 2031 et
719 1971 1060 2031 necessitas
1118 1970 1415 2047 temporis
1467 1990 1651 2046 quam
1708 1980 1776 2030 ut
1833 1980 1921 2030 rei
1980 1971 2260 2031 militaris
2305 1966 2462 2030 ratie

368 2083 551 2150 atque
596 2072 748 2131 etde
791 2071 1163 2148 postulabat,
1198 2089 1336 2129 cum
1382 2072 1662 2130 diversae
1708 2071 1985 2148 legienes
2031 2070 2188 2131 aliae
2233 2070 2354 2129 alia
2398 2069 2459 2127 in

368 2183 541 2251 parte
615 2172 902 2233 hostibus
962 2172 1336 2245 resisterent,
1415 2168 1870 2249 saepibusque⁵
1922 2171 2306 2231 densissimis
2369 2171 2463 2252 (ut

369 2283 513 2332 ante
558 2272 1141 2353 demenstrevimus)
1205 2268 1577 2333 interiectis⁶
1618 2280 1987 2350 prespectus
2046 2273 2460 2349 impediretur,

369 2392 571 2450 neque
603 2383 772 2432 certa
818 2373 1095 2432 subsidia
1127 2370 1440 2432 conlocari
1482 2391 1683 2450 neque
1716 2373 1866 2450 quid
1912 2373 1975 2432 in
2015 2382 2258 2450 queque
2289 2380 2462 2450 parte

270 2501 333 2538 20
369 2472 564 2551 opus⁷
592 2483 758 2532 esset
787 2473 1098 2551 previderi
1129 2492 1331 2550 neque
1363 2474 1443 2532 ab
1485 2481 1607 2534 fine
1638 2474 1847 2533 omnia
1893 2473 2149 2551 imperia
2179 2468 2463 2533 adminis-

369 2583 516 2634 trari
562 2573 897 2652 poterant.‘
957 2577 1177 2651 Itaque
1223 2573 1286 2632 in
1347 2583 1523 2634 tanta
1569 2582 1770 2634 rerum
1815 2574 2137 2651 iniquitate
2180 2574 2462 2633 fortunae

370 2694 615 2752 quoque
647 2682 901 2735 eventus
933 2674 1083 2734 varii
1115 2676 1551 2752 sequebantur.

369 2817 492 2879 Tvyo
522 2817 736 2869 Legions
764 2817 916 2859 Force
942 2817 1029 2858 the
1064 2817 1325 2859 Atrebates
1365 2818 1472 2860 into
1507 2818 1592 2859 the
1622 2818 1801 2867 River3
1831 2818 1954 2859 Two
1992 2818 2177 2858 Pur-sue
2203 2817 2288 2858 the
2323 2816 2464 2857 Viro-

858 2883 1074 2932 mandui,
1106 2883 1195 2923 but
1223 2882 1308 2923 the
1337 2883 1508 2924 Nervii
1536 2882 1661 2924 Gain
1688 2883 1773 2923 the
1801 2882 1970 2935 camp.

451 3005 548 3053 23.
610 2994 902 3074 Legienis
963 3002 1165 3055 neriae
1224 3005 1286 3055 et
1343 2995 1620 3055 decimae
1678 2995 1920 3068 milites,
1968 3004 2035 3054 ut
2091 2996 2154 3053 in
2214 2994 2463 3055 sinistre,

368 3107 541 3174 parte
573 3095 704 3156 acie
735 3095 1159 3170 constiterant,
1189 3096 1331 3172 pilis
1364 3095 1608 3155 emissis
1654 3105 1837 3155 cursu
1866 3114 1940 3155 ac
1970 3094 2334 3154 lassitudine
2366 3114 2463 3155 ex-

269 3222 331 3273 25
369 3197 672 3256 animfites
714 3195 1190 3271 volneribusque
1236 3196 1557 3255 cenfectos
1603 3196 2202 3255 Atrebates—nam
2246 3197 2343 3254 his
2389 3214 2462 3254 ea

368 3317 509 3375 pars
541 3298 978 3356 obvenerat—
1000 3294 1279 3355 celeriter
1308 3314 1385 3354 ex
1429 3295 1566 3370 loce
1603 3295 1919 3372 superiere
1951 3295 2014 3353 in
2047 3296 2269 3355 flumen
2304 3316 2462 3355 com-

369 3398 674 3476 pulerunt,
736 3407 797 3456 et
855 3404 1114 3456 transire
1174 3394 1504 3456 cenantis⁸
1577 3404 1838 3457 insecuti
1894 3396 2116 3473 gladiis
2175 3405 2460 3474 magnam

451 3540 534 3589 Cf.
567 3538 588 3572 1
613 3540 964 3605 perturbetis,
1000 3555 1051 3603 p.
1088 3552 1163 3604 57,
1200 3540 1231 3587 l.
1267 3538 1463 3605 15.—2
1485 3539 1914 3605 paratissimam,
1954 3554 2033 3605 37,
2074 3538 2236 3588 2.—⁸
2261 3540 2464 3592 censis-

366 3625 537 3689 tendi,
569 3636 644 3688 53,
664 3638 709 3688 9.
726 3622 827 3659 —4
850 3623 1108 3687 deiecttis,
1133 3635 1208 3687 54,
1232 3637 1308 3672 20.
1325 3621 1427 3659 —5
1450 3624 1662 3688 saepes,
1680 3622 1760 3681 61,
1780 3622 1939 3684 4.—⁶
1965 3623 2283 3690 interiectis,
2313 3623 2393 3683 61,
2411 3637 2461 3685 4.

366 3706 467 3746 —-⁷
492 3719 647 3772 opus,
679 3718 755 3773 55,
785 3704 942 3753 1.—⁸
967 3706 1211 3771 cenitus,
1241 3718 1317 3771 57,
1345 3720 1423 3772 23.
