2819 4297
418 295 506 362 30
1158 276 1291 343 The
1337 277 1560 343 Gallie
1604 280 1773 344 War.
2278 291 2511 357 [Casan

883 519 1092 563 Caesar's
1120 521 1344 563 Rensons
1372 521 1449 562 for
1475 519 1724 573 Checking
1750 520 2044 563 Ariovistus.

500 666 594 715 33.
658 659 780 717 His
824 658 1007 717 rebus
1051 654 1352 734 cagnitis¹
1391 659 1623 717 Caesar
1658 658 1975 717 Gallorum
2021 657 2260 718 animos
2304 658 2506 718 verbis

378 760 381 763 ’
418 732 1332 835 οόῐιἱῑτῐηᾶνίῖ,’ρο11ἰοίῐιιεᾳιιθ2
1371 767 1467 817 est
1511 757 1629 816 sibi
1660 776 1797 816 earn
1828 776 1955 815 rem
1985 767 2166 817 curae
2195 759 2461 818 futuram
2491 782 2504 831 ;

417 866 703 935 magnam
753 864 820 917 sa
871 858 1100 917 habeare
1158 875 1333 934 spem
1392 866 1456 917 et
1511 857 1816 916 beneficio
1868 847 1981 915 suo
2033 868 2095 917 et
2145 859 2505 918 auctoritate

419 958 755 1017 adductum
801 956 1177 1016 Ariovistum
1209 957 1402 1016 finem
1455 957 1690 1015 iniuriis
1721 957 2041 1016 facturum.
2135 960 2279 1017 Hac
2330 959 2506 1018 orati-

354 1075 381 1128 5
417 1066 537 1119 one
566 1057 779 1117 habita
818 1057 1145 1116 concilium
1191 1058 1441 1116 dimisit.
1533 1058 1609 1116 Et
1640 1056 1980 1117 secundum
2025 1077 2099 1117 ea
2142 1059 2369 1117 multae
2409 1066 2505 1117 res

418 1176 559 1218 eum
602 1156 1046 1217 hortabantur⁸
1075 1166 1198 1235 qua
1229 1165 1293 1216 re
1323 1157 1443 1217 sibi
1474 1177 1608 1216 eam
1641 1177 1766 1216 rem
1805 1157 2199 1235 cogitandam
2231 1168 2292 1218 et
2321 1159 2507 1217 susei-

417 1258 711 1337 piendam
754 1266 1028 1335 putaret:
1075 1259 1392 1334 imprimiS,
1431 1259 1598 1334 quod
1633 1258 1953 1328 Haeduos,
1985 1257 2206 1316 fratres
2251 1266 2504 1317 consan-

416 1356 841 1437 guineosque*
883 1365 1332 1434 saepenumero
1376 1366 1414 1416 a
1458 1366 1680 1416 senata
1724 1357 2087 1433 appellatos,
2120 1357 2181 1415 in
2216 1359 2506 1418 servitute

420 1468 604 1535 atque
655 1458 720 1516 in
771 1456 1057 1517 dici6ne⁶
1105 1457 1359 1516 videbat
1411 1458 1860 1516 Germanorum
1912 1464 2121 1528 teneri,
2171 1466 2503 1534 eorumque

324 1577 384 1611 10
418 1559 672 1618 obsides
729 1575 869 1617 esse
921 1558 1087 1633 apud
1139 1555 1517 1615 Ariovistum
1568 1576 1642 1615 ac
1697 1558 2018 1632 Sequanos
2070 1558 2501 1634 intellegebat3

418 1658 587 1735 quod
630 1658 692 1716 in
738 1664 913 1716 tanto
957 1656 1212 1733 irnperio
1258 1656 1470 1731 populi
1509 1658 1775 1715 Romani
1820 1656 2238 1733 turpissimum
2283 1656 2402 1717 sibi
2445 1668 2505 1716 et

418 1767 505 1817 rei
535 1758 818 1835 publicae
859 1775 998 1816 esse
1038 1753 1496 1815 arbitrabatur.⁶
1581 1755 1880 1814 Paulatim
1913 1764 2114 1815 autem
2160 1758 2505 1817 Germanos

417 1854 854 1918 consuescet&
885 1856 1173 1915 Rhenum
1205 1864 1467 1916 transire
1497 1865 1559 1915 et
1589 1856 1652 1914 in
1682 1855 1947 1916 Galliam
1986 1865 2272 1934 magnam
2294 1865 2502 1918 eorum

417 1957 867 2017 multitudinem
898 1965 1124 2028 venire,
1159 1957 1389 2032 populo
1437 1960 1721 2017 Romano
1763 1959 2176 2034 periculosum
2215 1958 2503 2031 videbat3

322 2074 380 2126 15
418 2077 619 2135 neque
654 2058 774 2118 sibi
803 2056 1084 2117 homines
1106 2058 1270 2117 feros
1289 2076 1364 2116 ac
1388 2058 1687 2118 barbaros
1707 2057 2182 2135 temperaturos⁸
2204 2059 2503 2119 existima-

415 2153 524 2219 b'at
547 2168 714 2238 quin,
740 2179 880 2219 cum
911 2178 1156 2219 ornnem
1190 2159 1457 2219 Galliam
1488 2160 1977 2237 occupavissent,
2005 2170 2072 2219 ut
2102 2171 2244 2221 ante
2271 2160 2503 2221 Cimbri

416 2262 807 2337 Teutonique
843 2261 1155 2332 fecissent,
1196 2259 1258 2318 in
1310 2259 1687 2337 provinciam
1741 2269 1976 2320 exirent
2023 2271 2208 2337 atque
2254 2262 2396 2320 inde
2441 2261 2502 2318 in

414 2355 661 2428 Ttaliam
684 2361 1131 2420 contenderent
1152 2385 1166 2432 3
1202 2360 1594 2439 [praesertim
1619 2379 1757 2419 curn
1785 2362 2107 2436 Sequanos
2129 2369 2166 2420 a
2190 2360 2504 2437 provincia
2593 2405 2596 2408 Ἴ

417 2470 627 2520 nostra
659 2460 1004 2519 Rhodanus
1037 2459 1370 2538 divideret]
1402 2483 1415 2529 ;
1472 2460 1696 2536 quibus
1727 2461 1910 2520 rebus
1941 2479 2125 2536 quam
2156 2460 2502 2520 maturrime}

319 2582 382 2619 20
413 2560 856 2620 occurrendum
910 2560 1186 2637 putabat.
1277 2561 1422 2636 Ipse
1475 2569 1677 2618 autern
1727 2559 2075 2619 Ariovistus
2127 2567 2334 2620 tantos
2386 2558 2499 2617 sibi

416 2660 682 2748 spiritus,
726 2669 964 2719 tantam
1017 2659 1444 2736 adrogantiam
1496 2669 1860 2736 sumpserat,
1918 2670 1983 2719 ut
2034 2661 2326 2719 ferendus
2376 2667 2497 2718 non

414 2760 738 2819 videretur.

640 2908 717 2949 He
745 2910 986 2960 Requests
1014 2920 1075 2949 an
1105 2909 1368 2949 Inter-view
1395 2908 1522 2950 with
1550 2909 1845 2960 Ariovistus,
1879 2910 2013 2950 Who
2041 2909 2281 2951 Declines.

496 3053 589 3102 34.
651 3045 852 3118 Quam
898 3045 978 3104 ob
1023 3063 1148 3102 rem
1209 3043 1441 3121 placuit
1485 3053 1543 3104 ei
1595 3056 1660 3104 ut
1719 3045 1798 3104 ad
1843 3045 2218 3105 Ariovistum
2265 3046 2500 3124 legatos

413 3144 695 3218 mitteret,
739 3152 845 3220 qui
886 3145 964 3204 ab
1005 3152 1079 3203 eo
1119 3145 1505 3220 postularent
1551 3154 1637 3205 uti
1678 3145 1944 3222 aliquem
1984 3145 2186 3203 locum
2232 3147 2498 3206 medium

315 3262 375 3314 25
411 3253 727 3320 utriusque
768 3243 1099 3320 conloquio
1140 3243 1469 3321 deligeret:
1525 3244 1681 3304 velle
1731 3252 1865 3303 sesa
1908 3245 1985 3303 da
2032 3252 2097 3303 re
2148 3245 2396 3322 publica
2441 3255 2501 3304 et

410 3352 665 3403 summis
694 3352 1014 3419 utriusque
1045 3344 1227 3402 rebus
1260 3362 1398 3402 cum
1448 3350 1524 3402 eo
1572 3341 1798 3420 agere.⁹
1884 3347 1955 3403 Ei
2005 3345 2296 3422 legationi
2328 3345 2498 3404 Ario-

408 3443 604 3503 vistus
635 3444 994 3520 respondit:
1045 3451 1058 3476 ‘
1085 3445 1149 3502 Si
1188 3443 1335 3519 quid
1383 3444 1504 3520 ipsi
1555 3452 1592 3502 a
1643 3445 1908 3504 Caesare
1954 3464 2113 3522 opus
2143 3456 2327 3519 esset,
2360 3452 2499 3504 sese

493 3593 577 3643 Cf.
601 3591 620 3626 ¹
646 3593 914 3659 cognita,
952 3609 1001 3656 p.
1033 3607 1106 3657 19,
1143 3594 1175 3641 l.
1200 3607 1246 3654 4.
1266 3591 1372 3628 —2
1392 3593 1645 3658 polliciti,
1690 3608 1764 3658 13,
1796 3593 1868 3643 18.
1889 3593 1993 3631 ——8
2017 3597 2283 3660 hortatur,
2316 3609 2392 3657 17,
2423 3609 2495 3655 ¹4·

406 3675 507 3712 —4
525 3677 927 3742 consanguinei,
954 3691 1000 3740 9,
1032 3690 1106 3740 19.
1125 3676 1229 3712 —5
1252 3677 1483 3741 diciane,
1525 3677 1600 3734 28,
1632 3689 1672 3741 5.
1692 3705 1759 3713 —
1775 3676 1797 3708 ⁶
1820 3678 2203 3743 arbitrabatur,
2237 3677 2311 3736 16,
2337 3677 2414 3726 28.
2432 3704 2499 3714 —

406 3757 427 3792 ⁷
449 3762 751 3828 consuerat,
780 3774 856 3818 20,
883 3775 927 3828 3.
944 3759 1041 3795 —8
1066 3762 1481 3826 temperatfiras,
1508 3773 1553 3823 7,
1582 3772 1625 3828 5.
1644 3789 1707 3796 —
1727 3758 1749 3791 ⁹
1772 3773 1951 3827 agere,
1981 3773 2056 3821 27,
2080 3761 2128 3810 8.
