2819 4297
380 1112 406 1165 5

353 1615 408 1649 10

313 2116 409 2170 1¹5

348 2617 410 2653 20

345 3267 407 3320 25

439 292 531 364 90
1166 273 1302 345 The
1354 273 1574 344 Gallie
1623 272 1795 344 War.
2298 280 2535 356 [eam

442 491 613 531 arma
669 472 893 533 milites
952 471 1406 533 concurrissent
1477 472 1995 548 vehementerque
2053 470 2139 530 ibi
2196 479 2532 548 pugnatum

442 582 625 645 esset,
658 574 940 650 repulsus
971 574 1034 632 in
1064 573 1359 650 oppidum
1402 582 1609 632 tamen
1651 581 1741 632 uti
1784 573 1999 632 eadem
2031 571 2365 631 deditionis
2394 591 2533 631 con·

443 674 688 734 dicione
713 680 982 733 uteretur
1010 683 1047 733 a
1080 677 1309 735 Crasso
1339 672 1703 750 impetravit.

444 823 653 864 Crassus
690 823 931 864 Proceeds
971 823 1166 874 against
1210 822 1364 863 Other
1399 822 1699 873 Aquitanian
1727 821 1898 862 Tribes
1926 821 2060 862 Who
2099 832 2182 862 are
2225 821 2531 873 Compitum,

1107 890 1203 930 and
1232 889 1440 930 Decides
1469 894 1521 929 to
1550 889 1673 930 Give
1700 889 1880 929 Battle.

528 1000 622 1049 23.
683 995 887 1050 Armis
931 991 1378 1068 obsidibusque
1426 999 1699 1067 acceptis
1746 992 2010 1049 Crassus
2055 990 2118 1049 in
2162 990 2311 1049 finis
2342 991 2536 1050 Voca-

445 1092 597 1152 tium
628 1102 690 1152 et
722 1091 1112 1152 Tarusatium
1159 1093 1474 1169 profectus
1520 1100 1632 1151 est.
1722 1091 1882 1149 Tum
1926 1098 2071 1151 vero
2100 1091 2347 1151 barbari
2378 1109 2537 1150 com-

445 1201 612 1265 mati,
649 1195 814 1269 quod
845 1193 1140 1270 oppidum
1172 1201 1234 1252 et
1274 1200 1491 1251 natura
1522 1192 1641 1250 loci
1683 1201 1744 1250 et
1774 1200 1959 1249 mansi
1988 1200 2288 1250 munitum
2319 1200 2535 1268 paucis

444 1294 664 1353 diebus
718 1293 943 1370 quibus
1002 1301 1077 1353 eo
1125 1302 1377 1351 ventum
1438 1301 1569 1350 erat
1627 1299 2039 1368 expssgnatum
2098 1299 2534 1368 cognoverant,

446 1395 682 1471 legatos
728 1402 1190 1470 quoqueversus
1238 1392 1561 1464 dimittere,
1598 1391 1938 1464 coniurare,
1972 1391 2221 1451 obsides
2265 1392 2424 1450 inter
2468 1399 2534 1451 se

446 1495 612 1566 dare,
661 1494 874 1571 co'pias
933 1503 1150 1570 parare
1213 1500 1563 1570 coeperunt.
1657 1493 1988 1550 Mittuntur
2046 1491 2370 1566 etiamad
2427 1501 2536 1552 eas

447 1594 711 1654 civitatis
771 1595 959 1672 legati
1034 1613 1192 1671 quae
1252 1603 1396 1652 sunt
1457 1584 1754 1652 citerioris
1816 1591 2162 1669 Hispaniae
2233 1591 2537 1652 finitimae

447 1696 852 1771 Aquitaniae3
914 1695 1059 1754 inde
1122 1694 1350 1753 auxilia
1409 1694 1724 1771 ducesque
1786 1703 2210 1767 arcessuntur3
2277 1701 2535 1769 quorum

447 1797 718 1855 adventu
748 1803 970 1872 magna
1000 1815 1139 1854 cum
1181 1795 1544 1855 auctoritate
1576 1804 1638 1854 et
1678 1803 1899 1870 magna
1929 1793 2244 1853 hominurn
2274 1793 2537 1853 multitu-

447 1896 591 1955 dine
622 1896 852 1955 bellum
881 1914 1093 1973 gerere
1125 1904 1442 1956 canantur.
1537 1896 1744 1953 Duces
1775 1902 1921 1954 vero
1951 1903 2010 1953 ei
2050 1894 2401 1972 deliguntur
2431 1905 2537 1972 qui

447 2005 569 2055 una
601 2016 740 2055 cum
772 1997 847 2071 Q.
885 1996 1152 2056 Sertorio
1197 2005 1398 2055 omnis
1444 2003 1642 2055 annos
1687 1995 1930 2054 fuerant
1974 2014 2396 2072 summamque
2428 1995 2539 2054 sci-

446 2097 674 2156 entiam
720 2106 809 2156 rei
865 2097 1145 2157 militaris
1189 2098 1419 2158 habere
1465 2097 1988 2158 existimabantur.
2078 2099 2168 2157 Hi
2213 2105 2537 2159 consuetu-

447 2198 590 2257 dine
622 2199 833 2277 populi
856 2200 1122 2258 R6mani
1152 2199 1289 2258 loca
1320 2218 1560 2275 capere,
1585 2209 1787 2258 castra
1813 2208 2064 2272 munire,
2092 2199 2537 2259 commeatibus

446 2307 690 2359 nostros
721 2299 1125 2359 intercludere
1160 2296 1530 2358 instituunt.¹
1619 2299 1804 2372 Quod
1837 2300 1942 2358 ubi
1975 2302 2235 2359 Crassus
2268 2299 2538 2359 animad-

445 2393 902 2471 vertit‚—'-suas
934 2399 1146 2476 capias
1191 2411 1442 2477 propter
1489 2400 1885 2477 exiguitatem
1931 2408 2056 2460 non
2096 2401 2279 2461 facile
2310 2401 2534 2474 diduci,

446 2502 685 2559 hostem
729 2510 790 2560 et
820 2508 1029 2577 vagari
1074 2510 1136 2559 et
1178 2501 1308 2559 vias
1354 2501 1641 2560 obsidere
1700 2511 1762 2560 et
1807 2510 2025 2560 castris
2070 2502 2220 2561 satis
2264 2502 2536 2577 praesidi

445 2600 807 2677 relinquere,
868 2602 947 2660 ob
1008 2620 1141 2660 eam
1202 2620 1453 2660 causam
1521 2601 1726 2660 minus
1785 2602 2108 2661 commode
2163 2602 2535 2661 frumentum

445 2710 976 2778 commeatumque
1022 2701 1140 2760 sibi
1185 2711 1553 2779 supportari,
1602 2702 1663 2761 in
1712 2702 1844 2762 dies
1901 2702 2168 2761 hostium
2214 2721 2536 2762 numerum

445 2807 916 2878 augam—non
961 2793 1377 2862 cunctandum
1442 2804 1814 2863 existimavit
1859 2812 2008 2881 quin
2067 2812 2275 2881 pagna
2331 2803 2537 2863 decer-

444 2911 615 2961 taret.
709 2904 847 2961 Hac
878 2910 942 2962 re
974 2904 1053 2962 ad
1087 2904 1414 2963 consilium
1447 2904 1666 2977 delata,
1704 2903 1808 2963 ubi
1850 2911 2066 2963 omnes
2098 2904 2261 2963 idem
2308 2912 2538 2962 sentire

445 3002 758 3076 intellexit,
793 3013 1107 3080 posterum
1143 3005 1303 3063 diem
1333 3015 1580 3082 pugnae
1613 3005 1950 3065 constituit.

684 3154 787 3195 The
816 3155 1006 3205 Enemy
1035 3156 1168 3207 Keep
1195 3161 1248 3197 to
1277 3156 1406 3197 their
1434 3156 1603 3208 Canu),
1634 3156 1818 3196 Which
1847 3156 2055 3197 Crassus
2081 3136 2301 3196 Attacks.

526 3263 619 3311 24.
682 3258 885 3316 Prima
945 3259 1080 3317 liice
1140 3259 1458 3334 productis
1517 3258 1804 3319 omnibus
1863 3258 2076 3335 capiis,
2124 3256 2354 3333 duplici
2405 3257 2536 3316 acie

444 3356 741 3429 instituta,
786 3357 1028 3417 auxiliis
1089 3359 1152 3416 in
1206 3359 1468 3418 mediam
1524 3358 1719 3418 aciem
1765 3359 2080 3431 coniectiS,
2129 3358 2276 3434 quid
2324 3358 2536 3416 hostes

443 3457 664 3516 consili
708 3468 1003 3535 caperent
1049 3460 1466 3535 exspectabat.
1560 3459 1676 3531 Illi,
1739 3468 1856 3518 etsi
1913 3469 2163 3536 propter
2207 3457 2535 3517 multitudi-

443 3576 582 3615 nem
628 3566 690 3616 et
731 3568 999 3617 veterem
1043 3559 1191 3619 belli
1234 3559 1489 3637 glariam
1535 3559 2031 3635 paucitatemque
2075 3566 2419 3618 nostrarum
2468 3564 2534 3615 sa

440 3664 573 3717 tuto
618 3657 1012 3719 dimicatssr6s
1058 3659 1512 3732 existimabant,
1556 3669 1762 3719 tamen
1822 3657 2050 3719 tutius²
2104 3677 2241 3717 esse
2286 3656 2538 3752 arbitra-

822 3790 903 3840 Cf.
929 3789 949 3823 1
973 3791 1294 3857 instituunt,
1321 3807 1372 3855 p.
1395 3790 1479 3849 80,
1503 3792 1536 3839 l.
1560 3790 1609 3841 8.
1629 3820 1694 3827 —
1711 3790 1734 3823 ²
1756 3791 1955 3858 tritius,
1979 3791 2062 3854 84,
2084 3804 2132 3855 4.
2165 3855 2174 3858 =
