2819 4297
386 326 472 391 50
1124 309 1187 371 T
1175 309 1255 372 lte
1310 308 1531 372 Gallie
1574 309 1744 371 War.
2241 318 2472 382 [CAEsn

906 532 1072 575 Θησει-
1096 531 1347 585 promptly
1375 531 1550 572 Moves
1582 531 1779 582 against
1804 530 1956 571 them.

466 657 520 707 2.
597 650 719 707 His
748 645 982 706 nuntiis
1012 643 1354 719 litterisque
1384 650 1726 702 commotus
1759 643 1989 701 Caesar
2012 641 2169 701 duas
2200 642 2474 719 legienes

383 750 447 808 in
478 746 759 809 citeriore
792 745 995 806 Gallia
1025 752 1217 805 noves
1247 741 1630 819 censeripsit,
1666 751 1727 801 et
1771 741 1924 801 inita
1965 740 2238 802 aestete¹
2282 742 2343 800 in
2391 744 2473 802 in·

384 849 669 910 terierem
717 846 981 906 Galliam
1029 853 1133 921 qui
1178 843 1511 902 deduceret
1557 842 1634 915 Q.
1672 842 1928 901 Pedium
1975 841 2246 918 legatum
2292 843 2474 904 misit.

387 952 549 1027 Ipse,
581 966 721 1007 cum
752 953 1016 1023 primum
1047 942 1259 1021 pabuli
1291 943 1473 1018 cepia
1504 961 1640 1001 esse
1675 942 1990 1018 inciperet,
2027 942 2107 1001 ad
2141 944 2474 1002 exercitum

327 1069 353 1124 5
385 1048 570 1109 venit.
661 1049 786 1105 Dat
825 1044 1141 1123 negetium
1185 1043 1534 1103 Senonibus
1567 1043 1942 1118 reliquisque
1976 1042 2172 1102 Gallis
2206 1052 2309 1123 qui
2343 1042 2474 1105 fini·

383 1149 517 1208 timi
549 1148 754 1226 Belgis
785 1155 979 1219 erant,
1013 1153 1103 1205 uti
1132 1163 1208 1203 ea
1236 1163 1396 1221 quae
1427 1144 1594 1221 apud
1626 1151 1735 1203 ees
1769 1152 2060 1221 gerantur
2093 1151 2476 1220 cegnoscant

384 1258 573 1326 seque
605 1249 682 1308 de
711 1249 809 1307 his
840 1247 1025 1307 rebus
1054 1245 1377 1306 certierem
1408 1245 1657 1305 faciant.
1751 1246 1836 1302 Hi
1868 1253 2222 1305 censtanter
2262 1253 2477 1304 omnes

388 1350 821 1410 nuntiaverunt
871 1344 1128 1407 manfis²
1171 1355 1328 1424 cegi,
1362 1347 1697 1407 exercitum
1747 1345 1808 1403 in
1858 1355 2046 1404 finum
2092 1346 2291 1405 locum
2340 1365 2478 1404 con-

385 1450 547 1509 duci.
636 1451 795 1507 Tum
839 1456 986 1508 vere
1024 1447 1432 1507 dubitandum
1479 1455 1602 1507 nen
1649 1445 2019 1506 existimavit
2052 1454 2199 1521 quin
2246 1446 2324 1505 ad
2369 1453 2477 1504 ees

297 1572 351 1607 10
386 1550 891 1626 proficisceretur.
994 1550 1090 1607 Re
1147 1547 1544 1606 frumentaria
1600 1554 1957 1623 comparate
2016 1554 2218 1604 castra
2274 1534 2479 1603 movet

388 1647 729 1725 diebusque
760 1647 1003 1707 circiter
1032 1646 1384 1724 quindecim
1418 1646 1497 1705 ad
1530 1645 1674 1705 finis
1708 1646 2029 1724 Belgarum
2059 1644 2351 1723 pervenit.

937 1788 1041 1830 The
1068 1788 1207 1829 Remi
1237 1788 1430 1830 submit
1458 1788 1555 1830 and
1582 1788 1802 1829 promise
1830 1787 1934 1829 Aid.

471 1913 524 1962 3.
594 1905 686 1969 Eo
731 1921 870 1962 cum
915 1898 1840 1992 chleriusque³
1867 1901 2140 1961 omnium
2183 1901 2476 1979 opiniene

390 2003 675 2074 venisset,
713 2005 909 2075 Remi,
944 2011 1048 2078 qui
1089 2000 1349 2079 proximi
1380 2001 1622 2061 Galliae
1670 2021 1746 2061 ex
1788 2001 1990 2078 Belgis
2033 1987 2191 2073 sunt,
2227 2002 2305 2061 ad
2336 2021 2476 2061 eum

389 2105 626 2183 legates
676 2102 910 2163 Iccium
954 2112 1016 2164 et
1061 2101 1661 2181 Andocombogium,
1702 2110 1928 2180 primes
1977 2102 2262 2177 civitatiS,
2304 2111 2474 2163 mise-

298 2223 355 2276 ¹5
389 2215 546 2278 runt,
594 2215 698 2281 qui
751 2205 1063 2264 dicerent:
1125 2206 1241 2265 ‘Se
1292 2223 1530 2281 suaque
1581 2204 1787 2264 omnia
1840 2205 1900 2262 in
1949 2206 2128 2264 fidem
2183 2215 2365 2281 atque
2415 2205 2474 2262 in

389 2314 756 2384 potestatem
787 2304 999 2382 populi
1025 2307 1292 2365 Remini
1315 2306 1705 2382 permittere3
1740 2325 1941 2382 neque
1965 2313 2032 2365 se
2057 2325 2194 2364 cum
2226 2306 2475 2381 reliquis

394 2406 595 2483 Belgis
635 2404 1026 2465 consensisse
1066 2424 1268 2482 neque
1292 2389 1525 2466 ‘contra
1565 2408 1858 2484 populum
1897 2410 2242 2466 Romanum
2275 2408 2477 2467 conisi-

390 2503 603 2579 rasse,⁴
644 2513 1013 2583 paretesque
1060 2525 1198 2566 esse
1241 2515 1302 2566 et
1338 2507 1592 2566 obsides
1637 2509 1783 2566 dare
1827 2518 1889 2567 et
1934 2508 2228 2584 imperata
2275 2508 2476 2567 facere

391 2616 452 2667 et
494 2606 740 2683 oppidis
783 2606 1054 2683 recipere
1091 2617 1153 2667 et
1189 2602 1498 2669 {tumente
1543 2608 1927 2686 ceterisque⁵
1970 2609 2151 2669 rebus
2197 2605 2612 2699 iubarefflwg

292 2724 355 2760 20
390 2708 660 2785 reliques
691 2717 893 2768 omnis
925 2710 1147 2786 Belgas
1192 2709 1254 2767 in
1302 2719 1486 2769 armis
1530 2730 1685 2783 esse,
1720 2712 2203 2787 Germanesque,
2237 2719 2344 2787 qui
2387 2681 2530 2770 cisl2u
2563 2693 2570 2698 ’

392 2810 680 2870 Rhenum
712 2807 1027 2882 incolant,⁷
1058 2818 1194 2870 sese
1224 2830 1365 2870 cum
1395 2812 1492 2871 his
1523 2811 1933 2885 coniunxisse,
1955 2821 2316 2889 tantumque
2339 2831 2477 2871 esse

390 2918 598 2971 eerum
652 2912 923 2972 omnium
969 2912 1239 2972 furerem
1291 2920 1358 2970 ut
1403 2918 1483 2970 ne
1537 2912 1904 2973 Suessiones
1956 2913 2222 2990 quidem,
2257 2914 2478 2973 fratres

389 3008 1051 3090 censanguineosque⁸
1093 3020 1257 3087 ευὸε,
1291 3020 1397 3090 qui
1436 3015 1653 3073 eodem
1700 3013 1826 3075 iure
1878 3023 1940 3073 et
1989 3014 2186 3074 isdem
2238 3013 2477 3091 legibus

390 3121 654 3185 Utantur,
690 3123 877 3172 finum
930 3113 1247 3190 imperium
1294 3123 1609 3191 sinumque
1661 3115 2084 3192 magistratum
2135 3133 2272 3173 cum
2328 3114 2479 3189 ipsis

292 3232 352 3284 ²5
391 3211 676 3284 habeant,
713 3214 1017 3273 deterrere
1039 3211 1061 3245 ⁹
1090 3214 1402 3290 potuerint
1433 3224 1581 3292 quin
1606 3235 1740 3274 cum
1776 3215 1870 3273 his
1901 3214 2361 3275 censentirent.’

649 3354 817 3407 Origin
846 3356 942 3396 and
970 3356 1201 3408 Strengtb
1232 3356 1283 3397 of
1318 3356 1401 3397 the
1429 3356 1596 3408 Belgae
1624 3367 1680 3397 aa
1706 3356 1828 3397 Told
1854 3356 1919 3406 by
1945 3357 2031 3397 the
2059 3356 2215 3397 Remi.

473 3474 524 3522 4.
596 3468 753 3526 Cum
785 3468 863 3526 ab
902 3467 997 3526 his
1030 3477 1349 3543 quaereret
1368 3464 1409 3498 ¹⁰
1452 3486 1609 3544 quae
1655 3467 1935 3527 civitates
1980 3477 2371 3546 quantaeque
2413 3473 2477 3526 ’m

390 3577 574 3626 armis
620 3577 829 3627 essent
873 3576 935 3627 et
981 3567 1127 3644 quid
1172 3568 1233 3626 in
1280 3568 1443 3627 bello
1491 3576 1764 3645 possent,
1798 3577 1887 3627 sic
1927 3568 2312 3644 reperiebat:
2358 3569 2476 3646 ple-

473 3700 556 3749 Cf.
576 3697 596 3733 ¹
611 3702 844 3766 aestete,
861 3717 910 3765 p.
928 3700 1055 3761 48,1.
1076 3715 1102 3748 2
1112 3713 1152 3767 ς.
1169 3700 1268 3736 —2
1282 3703 1494 3761 maniis,
1517 3715 1594 3766 32,
1614 3714 1691 3763 27.
1707 3731 1774 3738 —
1786 3700 1809 3734 ⁸
1824 3702 2068 3767 celerius,
2087 3715 2167 3762 44,
2188 3713 2228 3766 5.
2246 3701 2346 3737 —⁴
2361 3714 2482 3753 con-

388 3784 584 3846 ierere,
605 3797 684 3846 49,
707 3796 747 3849 5.
764 3782 867 3820 —5
885 3783 1066 3849 ceteri,
1091 3797 1167 3847 29,
1193 3798 1265 3845 14.
1283 3783 1383 3820 —0
1404 3784 1672 3849 invitent,
1697 3799 1773 3846 24,
1798 3799 1872 3845 14.
1888 3782 1990 3821 —7
2016 3785 2278 3855 incolunt,
2298 3784 2379 3846 48,
2399 3796 2479 3845 24

386 3896 452 3907 —-
466 3867 488 3900 ⁸
512 3868 955 3933 consanguineos,
983 3882 1062 3932 30,
1091 3878 1134 3928 7.
1150 3866 1252 3904 —⁹
1274 3868 1557 3933 deterrere,
1581 3882 1658 3932 29,
1678 3867 1725 3917 8.
1740 3896 1810 3906 —-
1825 3866 1868 3901 10
1893 3870 2192 3934 quaereret,
2213 3879 2293 3935 45,
2317 3880 2393 3930 17.
