2819 4297
288 282 346 331 Β.
374 282 439 331 G.
466 282 530 331 V.
556 282 661 347 48.]
796 271 1001 334 Freslt
1047 272 1331 355 Risings
1379 275 1462 355 qs
1497 273 1603 335 tlte
1656 272 1884 337 Gauls.
2252 286 2381 351 149

284 472 419 522 tum
450 471 596 536 erat,
628 470 755 523 non
801 462 887 522 ita
931 464 1190 522 multum
1234 461 1540 523 moratus¹
1584 464 1646 522 in
1688 463 1904 523 itinere
1951 482 2091 522 cum
2133 461 2378 539 legione

284 563 571 623 occurrit.
679 563 992 623 Labionus
1050 561 1330 623 interitfi²
1380 564 1595 624 Sabini
1646 574 1707 624 et
1765 560 1988 623 caede³
2038 561 2377 622 cohortium

284 663 555 742 cognita,
589 683 728 723 curn
769 671 985 723 omnes
1017 664 1096 723 ad
1147 683 1288 723 eum
1332 665 1741 724 Treverorum
1793 663 2009 741 copiae
2040 664 2373 736 vonissent,

285 764 521 824 veritus
554 771 646 836 no,
670 772 723 822 si
746 783 821 823 ex
838 763 1113 823 hibernis
1137 765 1320 842 fugae
1345 764 1607 824 similem
1630 763 2078 842 profectionem
2101 763 2372 834 fecisset,

283 864 557 924 hostiurn
617 863 912 941 impetum
971 865 1273 925 sustinere
1334 873 1458 924 non
1518 874 1749 942 posset,
1801 863 2160 942 praesertim
2218 870 2376 939 quos

284 974 522 1025 recenti
549 964 807 1024 victoria
838 964 1041 1024 efferri
1073 974 1272 1038 sciret,
1306 964 1543 1025 litteras
1576 967 1830 1026 Caesari
1862 964 2115 1023 remittit
2144 971 2375 1039 quanto

283 1085 426 1126 cum
485 1064 760 1141 periculo
804 1064 1108 1142 legionem
1153 1084 1229 1123 ex
1287 1066 1563 1124 hibernis
1607 1067 1937 1125 educturus
1996 1073 2202 1136 esset3
2248 1083 2375 1122 rem

282 1174 525 1243 gestam
584 1165 646 1223 in
702 1164 1094 1224 Eburonibus
1143 1165 1512 1242 perscribit;
1578 1165 1760 1225 docet
1811 1172 2011 1224 omnis
2064 1163 2375 1241 equitatus

282 1265 722 1343 peditatusque
752 1265 963 1342 copias
1009 1266 1414 1326 Treverorum
1455 1282 1531 1324 111
1562 1264 1728 1323 milia
1758 1282 2050 1342 passuum
2082 1264 2265 1342 longo
2298 1264 2375 1322 ab

284 1372 416 1425 suis
445 1373 666 1426 castris
696 1362 1102 1425 conscidisse.⁴

823 1546 954 1588 How
982 1559 1012 1589 a
1039 1548 1207 1589 Letter
1231 1547 1277 1589 is
1304 1547 1567 1599 eonveyed
1592 1552 1646 1589 to
1673 1547 1858 1590 Cicero.

368 1674 468 1726 48.
530 1668 763 1727 Caesar
820 1666 1078 1726 consilio
1135 1666 1267 1725 eius
1323 1666 1602 1742 probato,
1661 1675 1780 1726 etsi
1846 1666 2135 1743 opinione
2194 1665 2374 1724 trium

285 1768 599 1846 legionum
630 1764 940 1827 deiectus⁵
968 1766 1047 1825 ad
1079 1767 1235 1825 duas
1265 1766 1581 1839 reciderat,
1609 1776 1816 1826 tamen
1848 1776 2035 1825 imum
2066 1776 2376 1825 communi

286 1868 472 1926 saluti
504 1867 796 1926 auxilium
827 1866 890 1924 in
941 1866 1254 1926 celeritate
1306 1865 1595 1943 ponobat.
1686 1866 1874 1925 Venit
1921 1875 2158 1943 magnis
2206 1866 2374 1926 itine-

285 1967 457 2027 ribus
489 1967 552 2026 in
596 1966 964 2027 Nerviorum
1007 1967 1170 2025 finis,
1262 1966 1361 2025 Ibi
1404 1985 1481 2025 ex
1527 1975 1788 2043 captivis
1832 1963 2186 2043 cognoscit⁶
2215 1985 2375 2043 quae

2448 881 2475 935 5

2417 1388 2475 1423 10

286 2068 458 2145 apud
516 2067 883 2128 Ciceronem
945 2075 1238 2144 gerantur
1294 2074 1653 2143 quantoque
1697 2066 1762 2124 in
1805 2066 2076 2143 periculo
2135 2072 2231 2124 ros
2277 2066 2371 2125 sit.
2414 2088 2474 2140 15

287 2170 448 2227 Tum
480 2168 725 2228 cuidam
754 2188 831 2227 ex
859 2167 1171 2245 equitibus
1212 2168 1409 2227 Gallis
1452 2175 1688 2244 magnis
1725 2168 2013 2244 praemiis
2044 2168 2375 2245 persuadet

287 2277 379 2329 uti
432 2269 512 2328 ad
560 2270 926 2329 Ciceronem
972 2265 1329 2344 epistulam⁷
1360 2268 1616 2327 deferat.
1707 2269 1894 2328 Hanc
1934 2270 2188 2327 Graecis
2233 2276 2372 2327 con-

288 2378 581 2446 scriptam
637 2368 857 2428 litteris
910 2367 1112 2440 mittit,
1172 2374 1250 2426 no
1304 2367 1645 2444 intercepta
1703 2369 1967 2445 epistula
2023 2379 2235 2428 nostra
2293 2369 2373 2427 ab

287 2469 573 2528 hostibus
603 2467 863 2528 consilia
893 2474 1365 2545 cognoscantur.
1462 2469 1525 2527 Si
1557 2468 1725 2527 adire
1761 2476 1885 2528 non
1916 2469 2130 2545 possit,
2167 2478 2373 2527 monet

291 2578 360 2628 ut
432 2569 728 2646 tragulam
788 2587 928 2628 cum
1000 2568 1264 2643 epistula
1324 2570 1403 2628 ad
1462 2576 1776 2627 amentum
1850 2564 2148 2646 deligata-1⁸
2216 2570 2375 2628 intra
2413 2589 2473 2654 20

286 2669 660 2729 monitiones
718 2676 1056 2728 castrorum
1111 2667 1355 2727 abiciat.
1450 2671 1523 2726 In
1584 2669 1801 2728 litteris
1854 2669 2065 2728 scribit
2122 2676 2189 2728 so
2235 2688 2370 2728 cum

286 2769 634 2847 legionibus
663 2770 1009 2846 profectum
1040 2768 1320 2827 celeriter
1350 2769 1563 2828 adfore
1591 2791 1604 2840 3
1651 2770 1929 2828 hortatur
1958 2781 2025 2828 ut
2056 2770 2371 2846 pristinam

287 2870 573 2936 virtutem
603 2866 910 2950 retineat.⁹
993 2868 1211 2928 Gallus
1257 2870 1594 2945 periculum
1638 2869 1886 2940 veritus,
1923 2878 1989 2928 ut
2032 2879 2163 2928 erat
2206 2888 2372 2945 prae-

286 2965 603 3047 ceptum,¹⁰
630 2970 930 3047 tragulam
977 2968 1178 3029 mittit.
1270 2970 1449 3028 Haec
1493 2977 1644 3028 cassi
1689 2969 1772 3037 ad
1812 2969 2023 3027 turrim
2070 2970 2368 3040 adhaesit,

287 3089 490 3148 neque
531 3069 610 3128 ab
654 3078 877 3128 nostris
909 3070 1098 3128 biduo
1148 3065 1641 3139 animadversa,¹¹
1671 3069 1854 3128 tertio
1904 3069 2003 3127 dio
2035 3078 2072 3128 a
2104 3070 2369 3145 quodam
2412 3089 2437 3122 2
2448 3087 2471 3140 5

287 3170 478 3229 milite
510 3169 889 3246 conspicitur
917 3193 929 3240 ;
964 3170 1213 3246 dempta
1236 3169 1315 3227 ad
1341 3169 1705 3228 Ciceronem
1737 3169 2024 3228 defertur.
2103 3169 2214 3228 Ille
2246 3189 2375 3247 per-

287 3270 512 3329 lectam
543 3269 605 3327 in
629 3278 935 3328 conventa
965 3270 1219 3328 militurn
1251 3268 1468 3328 recitat
1500 3269 1881 3345 maximaque
1914 3278 2113 3328 omnis
2144 3270 2375 3329 laetitia

289 3370 517 3429 adficit.
605 3371 766 3428 Tum
795 3370 948 3428 fami
979 3365 1462 3428 *incendiorumw
1492 3369 1703 3444 procul
1728 3366 1770 3400 ¹3
1800 3369 2179 3442 videbantur,
2216 3389 2373 3448 quae

288 3476 388 3529 ros
416 3488 663 3529 ornnem
687 3469 1134 3529 dubitationem
1167 3469 1467 3527 adventus
1498 3468 1806 3546 legionum
1838 3467 2135 3545 expulit.¹⁴

375 3617 458 3668 cf.
483 3617 504 3652 1
530 3620 833 3671 cunctatus.
850 3616 955 3687 -72
975 3620 1162 3670 morte.
1179 3616 1280 3654 -3
1306 3618 1681 3670 internecione.
1700 3646 1767 3654 —
1783 3617 1805 3650 4
1830 3621 2009 3670 castra
2033 3620 2295 3684 posuisse.
2310 3649 2380 3658 —

288 3700 311 3735 ⁶
333 3702 544 3767 lapsus.
558 3700 662 3738 —⁶
685 3702 964 3766 comperit.
984 3731 1053 3739 —
1069 3700 1090 3734 ⁷
1112 3702 1350 3753 litteras.
1371 3700 1475 3736 —8
1502 3701 1759 3765 inligata.
1785 3728 1854 3737 —
1869 3700 1892 3733 ⁹
1917 3705 2113 3753 servet.
2130 3701 2253 3740 —10
2278 3703 2382 3754 im-

289 3787 559 3852 peratum.
575 3783 701 3822 —11
724 3786 865 3837 visa.
883 3812 951 3822 --
964 3782 1009 3818 ¹²
1031 3785 1262 3850 ignium.
1280 3812 1348 3821 —
1362 3782 1406 3817 ¹⁸
1433 3799 1552 3848 opp.
1577 3797 1762 3850 prope.
1782 3813 1851 3821 —
1867 3784 1908 3817 ¹⁴
1931 3786 2180 3839 sustulit.
