2819 4297
450 257 575 320 106
1181 256 1244 320 T
1233 257 1315 320 [τε
1366 255 1585 321 Gallie
1631 257 1802 321 War.
2297 267 2537 333 [CAEsAn

668 514 748 558 He
774 516 932 559 Sends
959 516 1238 559 Volusenus
1265 526 1329 556 on
1357 526 1388 556 a
1416 515 1860 565 Reconnoissance,
1888 516 2007 557 then
2036 515 2304 556 Commius.

525 642 620 692 21.
682 637 780 695 Ad
820 636 975 694 haec
1014 635 1466 713 cognescenda,
1501 633 1861 711 priusquam
1902 634 2243 711 periculum
2282 635 2534 707 faceret,

446 736 734 795 ideneum
787 754 926 795 esse
985 736 1332 810 arbitratu5‚
1386 738 1458 796 C.
1514 735 1897 794 Volusenum
1950 755 2090 794 cum
2150 744 2291 794 navi
2348 734 2539 812 longa

444 835 795 912 praemittit.
886 836 1056 895 Huic
1100 836 1354 895 mandat
1399 844 1468 895 ut
1509 834 1843 911 expleratis
1890 835 2181 894 omnibus
2224 836 2408 895 rebus
2455 835 2539 893 ad

446 943 514 995 se
551 955 737 1012 quam
782 945 1043 1012 primum
1085 944 1438 996 revertatur.
1530 937 1677 1011 Ipse
1719 954 1858 994 cum
1899 935 2189 995 omnibus
2234 935 2430 1012 cepiis
2470 934 2539 992 in

382 1052 408 1105 5
448 1035 727 1095 Morinos
758 1036 1177 1112 proficiscitur,
1212 1036 1380 1112 quod
1426 1036 1571 1094 inde
1603 1045 1733 1094 erat
1761 1035 2164 1096 brevissimus
2196 1035 2257 1094 in
2302 1036 2540 1095 Britan·

446 1135 612 1193 niam
641 1135 951 1195 treiectus,
1043 1137 1186 1195 Huc
1224 1144 1398 1195 navis
1429 1136 1702 1212 undique
1734 1155 1809 1196 ex
1838 1135 2119 1195 finitimis
2158 1135 2534 1212 regienibuS,

446 1244 509 1301 et
558 1255 743 1312 quam
794 1236 1108 1313 superiere
1170 1245 1408 1296 aestate
1468 1237 1548 1295 ad
1606 1235 1975 1295 Veneticum
2027 1236 2256 1295 bellum
2302 1236 2539 1295 fecerat

447 1336 727 1410 classem,
759 1336 930 1396 iubet
968 1345 1315 1396 convenire.
1407 1336 1663 1397 Interim
1705 1336 1969 1396 censilie
2010 1335 2142 1395 eius
2180 1335 2428 1414 cugnite
2475 1345 2540 1396 et

446 1456 558 1514 per
607 1444 978 1497 mercateres
1023 1437 1259 1514 perlate
1283 1434 1302 1468 ¹
1358 1437 1441 1495 ad
1495 1437 1841 1509 Britannus,
1892 1445 1930 1495 a
1986 1436 2404 1513 compluribus
2448 1444 2536 1495 in-

355 1554 413 1589 10
449 1537 621 1596 sulae
680 1537 1031 1597 civitatibus
1090 1537 1170 1595 ad
1227 1556 1368 1597 eum
1428 1540 1615 1615 legati
1665 1537 1921 1597 veniunt
1965 1545 2072 1613 qui
2127 1536 2539 1613 polliceantur

450 1637 702 1697 obsides
747 1638 894 1696 dare
941 1647 1127 1713 atque
1186 1637 1444 1714 imperis)
1489 1637 1703 1714 populi
1764 1639 2034 1696 Romani
2089 1637 2535 1714 obtemperare.

451 1737 697 1812 Quibus
745 1738 972 1797 auditis
1025 1738 1356 1798 liberaliter
1408 1737 1719 1815 pollicitus
1772 1738 2176 1814 hortatusque
2228 1746 2297 1797 ut
2346 1737 2410 1795 in
2463 1747 2541 1797 ea

451 1838 759 1899 sententia
788 1845 1238 1915 permanerent,
1275 1845 1384 1898 ees
1415 1839 1664 1897 domum
1696 1837 1985 1912 remittit;
2033 1848 2094 1898 et
2125 1857 2264 1897 cum
2295 1846 2385 1898 eis
2416 1847 2539 1898 une

452 1941 817 2013 Commium,
855 1958 1036 2015 quem
1076 1939 1212 2016 ipse
1254 1939 1658 1998 Atrebatibus
1697 1947 2002 2015 superatis
2032 1945 2238 2016 regem
2283 1938 2370 2004 ibi
2399 1946 2541 1998 cen-

356 2054 414 2109 15
451 2041 750 2113 stituerat‚
784 2040 959 2100 cuius
1003 2050 1065 2099 et
1095 2040 1379 2099 virtutem
1425 2049 1487 2098 et
1531 2039 1856 2098 consilium
1899 2040 2204 2116 probabat
2247 2050 2310 2098 et
2355 2058 2540 2114 quem

452 2140 570 2202 sibi
629 2141 874 2202 fidelem
927 2160 1064 2201 esse
1118 2139 1529 2200 arbitrabatur
1576 2139 1873 2216 cuiusque
1928 2139 2261 2201 aucteritas
2318 2138 2382 2198 in
2441 2140 2541 2200 his

452 2242 807 2321 regienibus
853 2251 1058 2319 magni
1117 2242 1479 2313 habebitur,
1525 2240 1728 2300 mittit.
1842 2241 2009 2300 Huic
2070 2240 2329 2317 imperat
2386 2250 2544 2317 quas

453 2343 651 2419 possit
681 2344 865 2402 adeat
907 2342 1189 2414 civitatis,
1226 2342 1624 2418 horteturque
1671 2350 1737 2400 ut
1782 2343 1996 2418 populi
2043 2344 2311 2401 Romani
2353 2341 2543 2400 fidem

456 2453 792 2520 sequantur
849 2450 1040 2518 seque
1103 2442 1382 2502 celeriter
1450 2448 1527 2501 ee
1590 2439 1913 2501 venturum
1985 2443 2239 2501 nuntiet.
2357 2442 2544 2501 Volu-

357 2558 419 2593 20
455 2550 642 2603 senus
710 2552 1051 2620 perspectis
1119 2542 1478 2619 regienibus
1552 2551 1852 2618 quantum
1917 2550 1976 2602 ei
2032 2542 2346 2602 facultatis
2410 2543 2545 2601 dari

456 2643 671 2720 potuit,
734 2652 838 2719 qui
896 2652 1039 2702 navi
1098 2643 1308 2720 egredi
1375 2661 1452 2702 ac
1509 2649 1577 2701 se
1635 2642 1915 2701 barbaris
1975 2642 2356 2702 committere
2416 2650 2544 2702 non

457 2745 727 2814 auderet,
779 2751 1004 2821 quinto,
1055 2744 1156 2803 die
1209 2745 1289 2803 ad
1342 2745 1676 2803 Caesarem
1738 2742 2060 2802 revertitur
2119 2761 2399 2819 quaeque
2459 2741 2546 2801 ibi

456 2836 871 2921 perspexisset
915 2844 1242 2903 renuntiat.

915 3009 1020 3050 The
1047 3009 1227 3050 Morini
1258 3009 1465 3051 Submit.
1520 3009 1562 3050 A
1591 3008 1728 3050 Fleet
1755 3008 1799 3049 is
1829 3009 2083 3060 prepared.

541 3138 635 3186 22.
698 3130 858 3188 Dum
905 3127 965 3185 in
1013 3129 1110 3187 his
1155 3128 1307 3187 locis
1354 3131 1588 3188 Caesar
1618 3126 1865 3187 navium
1911 3129 2321 3204 parandarum
2357 3137 2549 3190 cause.

359 3247 420 3300 25
459 3239 744 3302 moratur,
788 3248 863 3288 ex
908 3237 1131 3305 magna
1176 3238 1350 3305 parte
1399 3228 1784 3288 Morinorum
1830 3229 1910 3288 ad
1955 3248 2094 3288 eum
2139 3228 2326 3306 legati
2368 3236 2550 3289 vene·

457 3340 598 3389 runt
629 3339 735 3406 qui
765 3336 833 3388 se
865 3330 943 3388 de
976 3328 1308 3405 superioris
1336 3329 1629 3406 temporis
1661 3329 1924 3391 censilie
1965 3338 2344 3402 excusarent,
2381 3317 2552 3405 quod

458 3431 739 3491 homines
782 3431 1029 3489 barbari
1073 3439 1135 3489 et
1176 3439 1424 3489 nostrae
1469 3431 1936 3489 consuetudinis
1982 3427 2551 3507 imperiti²bellum

456 3532 688 3609 populo
741 3533 1026 3591 Romane
1073 3529 1388 3602 fecissent,
1441 3537 1632 3607 seque
1680 3550 1754 3590 ea
1807 3550 1965 3607 quae
2017 3531 2383 3608 imperasset
2428 3531 2552 3590 fac-

456 3638 627 3691 turos
671 3630 1121 3707 pollicerentur.
1216 3631 1359 3689 Hec
1390 3630 1511 3689 sibi
1557 3632 1787 3690 Caesar
1831 3631 1980 3690 satis
2016 3637 2363 3708 opportune
2394 3631 2551 3690 acci-

824 3780 908 3830 Cf.
931 3779 952 3812 ¹
976 3780 1208 3846 perlata,
1238 3795 1287 3843 p.
1313 3792 1393 3844 73,
1418 3778 1451 3827 1.
1478 3793 1524 3840 4.
1540 3778 1642 3815 —2
1665 3779 1997 3847 imperitum,
2023 3794 2103 3842 40,
2132 3794 2179 3844 9.
