2819 4297
288 265 345 313 Β.
371 265 434 314 G.
462 266 505 314 1.
532 265 636 331 39·]
773 252 1138 338 Campazgn
1167 256 1445 340 against
1475 256 1881 321 Ariovistus.
2292 278 2372 340 33

285 443 599 504 celerrimo
617 440 638 476 ¹
666 445 867 522 potuit
886 454 1256 522 comparata,
1280 455 1521 524 magnis
1551 447 1871 508 itineribus
1897 450 1976 507 ad
2000 449 2372 509 Ariovistum

284 543 619 604 contendit.

900 644 1027 686 Both
1057 645 1216 688 Strive
1242 650 1295 687 to
1324 646 1488 688 Rench
1518 647 1770 689 Vesontio.

367 787 460 837 38.
523 781 678 840 Cum
712 778 933 839 tridui²
960 783 1120 840 viam
1152 781 1577 858 processisset,
1612 784 1957 843 nuntiatum
1990 794 2085 844 est
2113 792 2171 844 ei
2202 785 2372 845 Ario·

286 879 509 940 vistum
538 890 678 939 cum
714 888 843 939 suis
884 881 1172 941 omnibus
1218 882 1415 959 copiis
1462 883 1541 942 ad
1586 884 2014 961 occupandum
2046 885 2371 945 Vesontio·

281 998 442 1050 nem,
478 980 643 1056 quod
674 989 769 1040 est
810 981 1106 1057 oppidum
1138 981 1467 1041 maximum
1501 984 1942 1067 Soquanorum,
1977 986 2368 1058 contendere,
2442 1005 2469 1057 5

286 1079 631 1160 [triduique
655 1081 815 1139 viam
845 1089 883 1140 ‘a
914 1090 1043 1141 suis
1064 1081 1299 1141 finibus
1323 1083 1757 1163 processisse]
1829 1085 1905 1143 Id
1928 1091 2008 1144 no
2032 1080 2373 1143 accideret⁸

283 1188 657 1258 magnopere
678 1180 1310 1261 sibipraecavendum
1332 1184 1566 1242 Caesar
1584 1183 1993 1244 existimabat.
2086 1186 2367 1260 Namque
2413 1214 2416 1217 >

280 1278 557 1339 omnium
591 1287 793 1339 rorum
839 1300 998 1357 quae
1040 1281 1120 1340 ad
1159 1282 1386 1341 bellum
1434 1289 1572 1341 sisui
1623 1292 1800 1341 erant
1844 1302 2080 1342 summa
2131 1292 2260 1342 erat
2306 1284 2367 1341 in

280 1387 358 1440 eo
388 1379 621 1457 oppido
649 1381 914 1440 facultas
942 1404 956 1453 3
1018 1381 1307 1459 idemque
1347 1391 1565 1442 natfiro.
1595 1382 1715 1442 loci
1748 1391 1837 1442 sic
1877 1383 2264 1465 muniobatur
2302 1394 2369 1444 ut

279 1489 569 1558 magnam
613 1480 694 1539 ad
739 1482 1089 1542 docen’dum
1132 1482 1361 1542 bellum
1407 1483 1581 1543 daret
1615 1482 2018 1557 facultatem,⁴
2044 1493 2368 1561 propterea
2408 1503 2468 1538 10

280 1580 450 1656 quod
479 1579 705 1640 flumen
751 1582 967 1654 Dubis,
1008 1591 1076 1641 ut
1120 1582 1349 1642 circino
1391 1582 1892 1656 circumductum,
1930 1603 2127 1661 paene
2172 1590 2366 1644 totum

278 1680 577 1757 oppidum
621 1681 852 1759 cingit3
905 1682 1206 1759 reliquum
1251 1683 1535 1760 spatium,
1577 1684 1743 1760 quod
1787 1694 1881 1744 est
1927 1691 2052 1744 non
2105 1684 2367 1762 amplius

279 1781 512 1858 pedum
556 1789 1004 1856 sexcentorum,
1039 1792 1162 1860 qua
1195 1783 1423 1843 flomen
1470 1783 1832 1858 intermittit,
1866 1792 2047 1844 mons
2092 1785 2367 1845 continet

280 1889 506 1959 magna
550 1881 893 1957 altitudine,
940 1882 1028 1942 ita
1072 1893 1139 1943 ut
1182 1885 1424 1944 radices
1476 1885 1701 1944 montis
1754 1904 1829 1944 ex
1876 1894 2134 1961 utraque
2193 1895 2367 1962 parte

278 1991 452 2059 ripae
482 1981 750 2042 fluminis
781 1982 1161 2061 contingant.
1252 1986 1443 2044 Hunc
1473 1995 1680 2043 murus
1710 1985 2122 2044 circumdatus
2166 2004 2364 2044 arcem
2410 2000 2466 2052 15

278 2082 467 2142 efficit
495 2091 556 2142 et
593 2101 733 2141 cum
777 2083 1009 2161 oppido
1052 2084 1386 2163 coniungit.
1481 2086 1624 2144 Huc
1667 2087 1897 2145 Caesar
1941 2094 2181 2164 magnis
2226 2104 2368 2144 noc·

278 2192 480 2243 turnis
516 2183 877 2261 diurnisque
920 2184 1239 2245 itineribus
1281 2183 1645 2258 contendit,¹⁵
1679 2193 2105 2263 occupatoque
2136 2184 2367 2262 oppido

279 2284 368 2342 ibi
399 2284 773 2360 praesidium
804 2285 1103 2345 conlocat.

774 2433 877 2475 The
904 2435 1095 2475 Roman
1123 2435 1337 2476 soldiers
1365 2446 1448 2475 are
1477 2436 1883 2477 Panic-stricken.

366 2560 462 2611 39.
523 2556 689 2614 Dum
736 2560 968 2631 paucos
1017 2553 1150 2613 dies
1196 2554 1274 2612 ad
1311 2553 1761 2613 Vesontionem
1812 2563 1899 2615 rei
1931 2556 2368 2616 frumentariae

279 2650 822 2729 commeatusque⁶
850 2661 1037 2712 causa
1066 2651 1378 2726 moratur,⁷
1411 2672 1486 2712 ex
1520 2655 1987 2731 percontatione
2018 2664 2366 2716 nostrorum
2405 2684 2468 2719 20

279 2752 665 2831 vocibusque
709 2753 1029 2813 Gallorum
1070 2773 1145 2813 ac
1187 2761 1611 2826 mercatorum,
1646 2763 1752 2831 qui
1798 2754 2033 2833 ingenti
2077 2755 2372 2834 magnitu-

281 2853 429 2913 dine
459 2872 783 2931 corporum
813 2854 1176 2926 GermanoS,
1210 2853 1558 2913 incrodibili
1587 2852 1808 2913 virtute
1853 2864 2037 2931 atque
2083 2855 2370 2915 exercita-

281 2952 455 3013 tione
485 2953 549 3011 in
581 2962 765 3012 armis
802 2972 941 3012 esse
971 2950 2038 3031 praedicabant,—saepenumero⁸
2065 2962 2202 3038 soso
2232 2974 2371 3014 cum

281 3053 385 3112 his
425 3051 838 3131 congressos⁹
887 3060 965 3112 no
1014 3053 1242 3112 voltum
1289 3053 1537 3129 quidem
1583 3063 1767 3130 atque
1815 3054 2011 3113 aciem
2058 3054 2371 3114 oculorum

283 3153 578 3213 dicobant
606 3153 766 3214 ferre
795 3152 1090 3231 potuisse,
1117 3162 1427 3212 —tantus
1460 3152 1667 3212 subito
1704 3152 1882 3213 timor
1925 3174 2168 3214 omnem
2213 3174 2373 3214 exer·
2411 3178 2470 3230 25

283 3252 476 3313 citum
507 3253 830 3330 occupavit
862 3262 928 3313 ut
958 3261 1082 3312 non
1111 3253 1501 3313 mediocriter
1543 3253 1812 3313 omniurn
1850 3263 2074 3314 mentis
2114 3254 2373 3314 animos-

284 3372 409 3430 que
437 3353 835 3431 perturbaret.
926 3355 1053 3412 Hic
1082 3361 1345 3429 primum
1368 3363 1536 3412 ortus
1554 3349 1595 3384 ¹⁰
1624 3363 1719 3411 est
1743 3361 1780 3412 a
1806 3354 2068 3413 tribunis
2093 3354 2370 3428 militum,

377 3503 461 3554 Cf.
486 3500 509 3537 ¹
532 3503 796 3569 celeriter,
821 3519 872 3567 p.
904 3515 978 3567 15,
1000 3503 1032 3551 l.
1063 3517 1138 3552 20.
1156 3501 1258 3539 -2
1279 3503 1539 3568 triduum,
1569 3517 1645 3564 24,
1671 3516 1744 3550 12.
1760 3531 1828 3539 —
1844 3500 1867 3534 ⁸
1889 3502 2115 3569 accidat,
2146 3518 2223 3568 29,
2248 3518 2293 3565 4.
2309 3532 2378 3541 —

283 3585 307 3621 ⁴
343 3585 604 3653 facultas,
648 3600 726 3650 29,
767 3600 843 3652 23.
867 3614 935 3622 —-
953 3584 977 3618 ⁵
1001 3586 1399 3650 contenderent,
1437 3599 1518 3651 30,
1557 3585 1630 3635 18.
1654 3615 1721 3622 -
1742 3585 1764 3619 ⁰
1788 3589 2109 3652 commeato,
2136 3601 2216 3651 31,
2240 3601 2288 3649 4.
2310 3616 2377 3625 -

282 3668 306 3704 ⁷
331 3670 552 3735 meriti,
595 3682 673 3730 24,
704 3683 776 3717 12.
791 3697 860 3706 —
875 3666 897 3702 ⁸
919 3669 1320 3734 saepenumero,
1357 3681 1439 3733 30,
1460 3666 1510 3718 8.
1526 3667 1633 3705 —⁹
1656 3669 2083 3737 congrederotur,
2103 3682 2184 3735 32,
2214 3669 2288 3719 16.
2312 3696 2373 3705 —

281 3751 329 3787 ¹⁰
350 3752 619 3817 oriuntur,
657 3765 703 3811 2,
729 3761 771 3816 5.
