2819 4297
264 278 327 328 B.
346 279 412 329 G.
434 279 538 330 111.
560 279 665 347 29.]
934 267 1160 337 Coesar
1200 272 1272 336 in
1320 271 1426 337 tlte
1470 273 1705 339 North.
2268 287 2356 357 93

264 459 325 499 In
350 458 440 500 the
466 459 628 501 North
658 460 826 502 Coesar
842 461 1103 504 Advances
1130 464 1328 515 against
1364 464 1452 506 the
1477 464 1657 506 Morini
1685 466 1782 505 and
1809 464 2044 516 Menapii,
2064 463 2199 504 who
2225 463 2361 506 Tnke

869 529 1058 580 Refuge
1084 530 1134 570 in
1163 530 1362 572 For-ests
1390 531 1488 573 and
1515 531 1757 573 Mai-shen-

350 635 447 686 28.
512 628 748 689 Eedem
792 630 922 690 fere
966 640 1240 708 tempore
1287 634 1538 707 Caesar,
1571 642 1688 692 etsi
1744 653 1935 710 prope
1979 642 2194 694 execta
2237 632 2358 692 iam

260 736 471 788 aesta-ts
514 738 663 803 erat,
696 739 901 790 tamen
945 732 1111 808 quod
1156 740 1323 791 omni
1366 732 1567 792 Gallia
1611 741 1835 810 pacati
1881 732 2112 793 Morini
2144 735 2358 793 Mena-

260 827 479 904 piique
522 839 886 906 supererant
919 838 1025 908 qui
1070 830 1131 889 in
1179 840 1363 890 armis
1408 842 1621 892 essent
1665 851 1866 908 neque
1925 834 2005 893 ad
2050 852 2190 892 eum
2234 854 2357 893 um-

262 946 451 1004 quam
524 928 762 1006 legetes
836 929 914 989 de
985 939 1139 1007 pece
1212 930 1545 1005 misissent,
1592 932 1922 992 arbitratus
1993 933 2058 992 id
2126 933 2356 993 bellum

261 1027 545 1087 celeriter
587 1029 810 1089 cenfici
853 1049 1058 1106 posse,
1108 1038 1182 1091 ee
1227 1031 1559 1091 exercitum
1604 1031 1813 1105 duxit3
1863 1041 1969 1108 qui
2013 1033 2194 1111 longe
2238 1033 2357 1092 alia
2428 1053 2455 1106 5

262 1127 506 1187 ratione
569 1147 643 1188 ac
700 1128 922 1206 reliqui
982 1130 1148 1189 Galli
1191 1131 1421 1190 bellum
1477 1150 1690 1209 gerere
1749 1139 2102 1209 coeperunt.
2193 1135 2355 1191 Nam

262 1227 434 1304 quod
478 1227 924 1306 intellegebant
968 1230 1265 1290 maxim‘as
1308 1230 1595 1291 netienes
1638 1250 1797 1307 quae
1840 1231 2074 1308 proelie
2110 1240 2357 1292 conten-

262 1326 506 1387 dissent
549 1328 762 1404 puls‘as
806 1337 1251 1406 superatasque
1295 1349 1456 1402 esse,
1504 1331 2001 1408 continentisque
2046 1331 2232 1390 silves
2282 1351 2357 1392 ac

262 1426 526 1504 paludes
585 1428 917 1502 habebant,
963 1437 1039 1489 ee
1098 1436 1164 1489 se
1210 1449 1446 1506 suaque
1504 1431 1715 1490 omnia
1761 1431 2166 1491 contulerunt.
2254 1432 2356 1491 Ad

262 1535 522 1602 querum
554 1526 794 1586 initium
826 1527 1115 1588 silverum
1154 1549 1294 1589 cum
1334 1532 1569 1590 Caesar
1607 1531 1989 1607 pervenisset
2031 1540 2355 1608 castraque
2394 1554 2455 1591 10

264 1635 504 1686 munire
551 1626 918 1688 instituisset
982 1647 1187 1706 neque
1231 1630 1429 1690 hostis
1488 1631 1733 1690 interim
1791 1640 1962 1691 visus
2020 1640 2203 1704 esset,
2236 1631 2356 1691 dis-

265 1735 467 1804 persis
511 1727 574 1786 in
634 1746 822 1804 opere
865 1737 1095 1789 nostris
1141 1730 1346 1790 subite
1391 1749 1467 1789 ex
1510 1731 1798 1791 omnibus
1841 1731 2119 1808 partibus
2165 1732 2354 1793 silvae

262 1827 663 1887 evolaverunt
705 1836 766 1888 et
808 1827 872 1887 in
930 1837 1177 1890 nostres
1219 1829 1517 1907 impetum
1559 1831 1857 1890 fecerunt.
1948 1834 2160 1891 Nostri
2203 1832 2352 1892 cele·

262 1927 410 1987 riter
453 1946 622 1986 arma
679 1935 978 2005 ceperunt
1033 1937 1264 2007 eesque
1309 1929 1369 1988 in
1419 1929 1604 1990 silves
1664 1932 2032 2007 repulerunt,
2080 1941 2140 1990 et
2197 1951 2355 1991 com-

261 2027 540 2105 pluribus
611 2027 951 2089 interfectis
1034 2029 1278 2107 longius
1365 2029 1856 2108 impeditieribus
1928 2016 2103 2091 locis
2161 2040 2355 2091 secuti
2395 2054 2456 2109 15

262 2135 499 2205 pauces
530 2147 605 2189 ex
635 2137 765 2189 suis
795 2129 1294 2207 deperdiderunt.

400 2262 479 2304 He
507 2264 735 2316 Ravages
761 2263 892 2305 their
917 2262 1181 2313 Territum,
1210 2263 1308 2304 and
1326 2262 1446 2304 then
1474 2263 1602 2304 Goes
1628 2263 1734 2305 into
1762 2262 1962 2305 winter
1988 2263 2237 2315 Quartam.

347 2373 442 2423 29.
504 2365 787 2443 Reliquis
832 2364 1129 2442 deinceps
1173 2364 1393 2423 diebus
1440 2366 1672 2424 Caesar
1730 2364 1915 2424 silves
1966 2366 2225 2426 caedere
2270 2375 2359 2426 in-

262 2464 462 2525 stituit
492 2475 570 2540 et,
604 2472 682 2525 ne
713 2465 852 2542 quis
883 2461 1256 2526 inermibus¹
1300 2464 1916 2542 imprudentibusque
1947 2466 2244 2527 militibus
2275 2468 2353 2527 ab

259 2566 455 2625 latere
483 2564 747 2643 impetus
776 2566 908 2625 fieri
947 2575 1177 2643 posset,
1209 2584 1454 2624 omnem
1500 2583 1633 2624 eam
1677 2565 1990 2625 materiam
2037 2585 2196 2643 quae
2226 2576 2354 2628 erat

261 2684 448 2725 caesa
504 2684 865 2726 conversam
918 2665 998 2725 ad
1055 2666 1297 2725 hostem
1355 2665 1725 2725 conlocabat
1776 2675 1837 2726 et
1886 2674 1996 2743 pro
2053 2667 2215 2728 velle
2274 2669 2352 2728 ad
2390 2693 2454 2729 20

265 2774 592 2843 utrumque
651 2766 811 2826 latus
856 2762 1256 2826 exstruebat.²
1342 2765 1699 2825 Incredibili
1758 2766 2069 2826 celeritate
2127 2776 2352 2845 magne

260 2866 466 2943 spatie
496 2875 712 2943 paucis
743 2866 962 2927 diebus
992 2867 1297 2939 cenfecte,
1323 2884 1464 2925 cum
1496 2866 1615 2925 iam
1640 2884 1832 2942 pecus
1863 2875 2048 2943 atque
2080 2874 2351 2927 extrema

259 2966 701 3043 impedimenta
771 2975 809 3026 Ξ,
880 2975 1106 3026 nostris
1178 2973 1550 3039 tenerentur,
1599 2965 1719 3043 ipsi
1790 2966 2108 3027 densiores
2166 2967 2351 3026 silvas

256 3076 557 3143 peterent,
604 3066 736 3127 eius
782 3066 950 3127 modi
994 3077 1138 3127 sunt
1181 3073 2008 3144 tempestates”,c6nseci1tae
2059 3076 2147 3126 uti
2192 3087 2350 3145 opus

256 3166 610 3228 necessarie
657 3166 1157 3227 intermitteretur
1190 3177 1252 3226 et
1300 3166 1764 3227 continuatiene
1803 3167 2089 3227 imbrium
2121 3168 2350 3229 diutius
2388 3192 2450 3246 ²5

255 3268 374 3327 sub
403 3267 670 3344 pellibus
701 3267 924 3327 milites
969 3267 1269 3327 contineri
1315 3276 1441 3327 nen
1477 3278 1749 3343 possent.
1841 3271 2059 3345 Itaque
2090 3277 2349 3329 vastetis

255 3367 548 3428 omnibus
578 3375 788 3429 eerum
820 3376 999 3446 agriS,
1034 3377 1189 3427 vicis
1219 3367 1641 3444 aedificiisque
1673 3367 1961 3442 incensiS,
1989 3371 2227 3429 Caesar
2254 3389 2351 3429 ex-

254 3468 512 3529 ercitum
565 3468 806 3529 reduxit
853 3477 916 3528 et
963 3468 1027 3527 in
1087 3468 1369 3528 Aulercis
1421 3467 1845 3544 Lexoviisque,
1901 3468 2155 3546 reliquis
2202 3470 2349 3529 item

252 3568 609 3628 civitatibus
653 3588 811 3645 quae
856 3568 1129 3646 proxime
1173 3568 1401 3627 bellum
1459 3568 1752 3640 fecerant,
1784 3567 1849 3625 in
1893 3568 2166 3629 hibernis
2209 3588 2350 3630 con-

251 3667 499 3729 locevit.
2382 3692 2449 3746 30

621 3768 707 3818 cf.
731 3766 751 3801 ¹
776 3767 1029 3834 inermes,
1054 3783 1106 3832 p.
1130 3766 1211 3826 68,
1235 3767 1270 3815 1.
1294 3765 1341 3817 6.
1360 3764 1463 3803 —2
1486 3767 1777 3833 exstructe,
1798 3777 1878 3830 70,
1908 3765 1984 3819 16.
