2819 4297
315 268 372 318 Β.
395 268 460 318 G.
478 268 602 316 VII.
623 281 649 329 7
659 264 728 333 3.]
763 254 1087 339 Upn‘sing·
1110 256 1194 338 os
1216 242 1402 319 Ga'ul
1425 257 1642 318 under
1677 254 2172 340 Vercingetorix.
2270 271 2306 316 2
2316 267 2396 336 35

314 456 552 527 pateret
595 458 891 525 quantum
938 467 1177 507 summa
1219 448 1393 507 labra
1452 448 1770 508 distarent.
1859 448 2155 524 Reliquas
2199 454 2401 506 omnis

314 549 689 608 munitienes
733 549 811 608 ab
857 557 930 607 ea
973 548 1145 607 fosse.
1188 549 1382 625 pedes
1413 565 1570 607 cccc
1613 548 1889 608 reduxit:
1937 548 2070 628 [id]
2103 548 2223 607 hec
2260 553 2400 606 cen-

314 648 453 708 silie
487 647 804 727 (quoniam
837 657 1077 707 tantum
1121 657 1287 708 esset
1333 648 1687 708 necessarie
1728 648 1998 724 spatium
2023 647 2394 724 complexuS,

314 767 430 807 nec
479 747 662 807 facile
708 755 901 807 tetum
947 766 1104 825 opus
1162 755 1391 807 corona
1439 748 1700 806 militurn
1759 748 2153 828 cingeretur),
2198 753 2276 805 ne
2320 746 2397 805 de

316 831 649 926 impreviso
680 857 785 907 aut
815 858 1001 907 noctu
1032 848 1110 906 ad
1149 849 1521 907 munitiones
1562 848 1889 908 multitude
1918 848 2186 906 hostium
2218 847 2399 906 advo·
2468 868 2496 923 5

315 950 486 1021 leret,
521 957 626 1007 aut
658 947 923 1007 interdiu
953 948 1076 1007 tela
1106 948 1168 1006 in
1202 956 1447 1007 nostros
1492 946 1696 1024 1operi
1740 948 2083 1007 destinates
2115 947 2396 1006 conicere

314 1058 587 1125 possent.
680 1050 826 1107 Hoc
856 1048 1205 1108 intermisse
1237 1048 1438 1125 spatie
1471 1049 1627 1107 duas
1657 1048 1861 1106 fossas
1891 1066 1977 1106 xv
2007 1049 2199 1123 pedes
2222 1046 2392 1119 latim,

315 1149 530 1207 eadem
562 1147 885 1207 altitudine
916 1147 1232 1224 perduxit3
1281 1156 1539 1224 quarum
1571 1147 1923 1206 interiorem
1955 1147 2397 1223 campestribus

314 1267 388 1308 ac
440 1244 764 1307 demissis²
814 1248 966 1307 locis
1015 1256 1177 1324 aqua
1234 1266 1311 1306 ex
1368 1247 1620 1307 flumine
1679 1248 1954 1306 derivata
1975 1243 1997 1277 ³
2053 1247 2396 1322 complevit.

317 1351 466 1408 Post
517 1357 623 1408 ees
682 1367 964 1426 aggerem
1017 1367 1091 1407 ac
1151 1349 1378 1407 vallum
1437 1365 1532 1406 ΧΠ
1595 1348 1818 1424 pedum
1878 1346 2208 1406 exstruxit:
2254 1347 2397 1405 huic
2439 1371 2499 1405 ιο

315 1449 565 1510 luricam
596 1450 942 1525 pinnasque
983 1448 1225 1521 adiecit,
1270 1448 1611 1525 grandibus
1652 1457 1848 1507 cervis
1877 1447 2289 1506 eminentibus
2321 1447 2399 1504 ad

316 1550 746 1610 commissuras
777 1549 1124 1625 pluteurum
1151 1558 1334 1624 atque
1361 1550 1619 1626 aggeris,
1649 1556 1754 1623 qui
1778 1555 2103 1606 ascensum
2135 1547 2398 1606 hostium

316 1646 694 1722 tardarent⁴;
742 1660 803 1708 et
834 1658 1014 1708 turris
1032 1656 1164 1709 tete
1187 1668 1374 1726 opere
1399 1648 1805 1708 circumdedit
1831 1666 1989 1723 quae
2014 1648 2205 1723 pedes
2227 1664 2402 1705 Lxxx

318 1751 476 1811 inter
506 1758 571 1810 se
603 1750 922 1810 distarent.

402 1860 494 1909 73.
549 1853 693 1909 Erat
724 1850 943 1910 eedem
961 1859 1235 1925 tempore
1267 1860 1329 1909 et
1358 1848 1666 1908 materiari
1703 1857 1764 1908 et
1793 1849 2154 1907 frumentari
2184 1859 2245 1907 et
2276 1859 2402 1907 tan·
2443 1870 2501 1921 15

317 1961 414 2011 tes
446 1952 817 2011 munitienes
861 1951 992 2010 fieri
1039 1969 1312 2020 necesse,
1347 1950 1679 2008 deminutis
1726 1958 1953 2007 nostris
1996 1949 2209 2025 copiis,
2245 1967 2403 2025 quae

318 2051 560 2129 longius
579 2049 603 2084 ⁵
628 2061 666 2111 a
696 2060 914 2109 castris
944 2050 1534 2128 pregrediebantur3
1583 2069 1655 2109 ac
1687 2057 1811 2109 nen
1844 2068 2178 2125 numquam
2217 2068 2404 2126 opera

318 2162 530 2212 nostra
559 2152 720 2212 Galli
753 2161 1047 2228 temptare
1073 2148 1097 2183 ⁶
1125 2161 1310 2228 atque
1343 2151 1728 2227 eruptionem
1761 2169 1836 2209 ex
1864 2150 2098 2226 oppidu
2128 2150 2404 2226 pluribus

318 2261 513 2330 portis
543 2261 780 2311 summe
809 2261 869 2310 vi
899 2252 1105 2311 facere
1138 2251 1538 2311 cenabantur.
1630 2251 1771 2324 Que
1808 2256 1873 2309 re
1905 2250 1983 2308 ad
2014 2250 2168 2309 haec
2198 2259 2406 2309 rursus

319 2371 507 2429 opera
538 2353 892 2411 addendum
918 2354 1149 2412 Caesar
1170 2351 1423 2429 putavit,
1453 2359 1577 2428 que
1602 2352 1835 2410 minure
1867 2358 2122 2410 numero
2148 2351 2405 2410 militum
2441 2372 2502 2406 20

319 2453 692 2512 munitiones
743 2453 997 2512 defendi
1050 2462 1322 2529 possent.
1415 2454 1635 2528 Itaque
1689 2460 1921 2510 truncis
1973 2452 2255 2511 arborum
2302 2461 2408 2511 aut

319 2553 652 2612 admodum
695 2554 893 2611 firmis
924 2562 1107 2613 ramis
1138 2554 1417 2622 abscisiS,
1455 2562 1640 2629 atque
1682 2552 1899 2612 herum
1937 2548 2292 2611 delibratis⁷
2332 2572 2407 2611 ac

319 2662 664 2730 praeacutis
695 2653 1134 2727 cacuminibus,
1167 2662 1504 2730 perpetuae
1534 2653 1741 2712 fossae
1773 2660 1996 2729 quinus
2027 2653 2218 2728 pedes
2250 2653 2406 2712 altae

320 2753 720 2812 ducebantur.
813 2755 957 2812 Huc
990 2753 1075 2811 illi
1107 2753 1349 2829 stipites
1380 2752 1634 2811 demissi
1666 2762 1727 2812 et
1760 2753 1838 2811 ab
1869 2753 2078 2811 infime
2109 2751 2410 2825 revincti,⁸

321 2860 399 2912 ne
429 2854 638 2913 revelli
668 2863 939 2930 possent,
975 2854 1053 2912 ab
1098 2862 1281 2911 ramis
1328 2851 1728 2912 eminebant.⁹
1812 2853 2004 2926 Quini
2035 2862 2210 2911 erant
2254 2854 2410 2912 ordi·
2443 2872 2507 2925 25

322 2961 433 3013 nes
464 2955 776 3013 coniuncti
807 2954 964 3013 inter
994 2960 1062 3012 se
1093 2963 1278 3030 atque
1311 2952 1635 3029 implicati3
1687 2960 1809 3030 que
1835 2961 1940 3028 qui
1972 2951 2412 3024 intraverant‚¹⁰

322 3061 388 3113 se
434 3054 554 3130 ipsi
599 3054 968 3113 acutissimis
1014 3054 1189 3112 vallis
1236 3049 1639 3112 induebant.¹¹
1728 3055 1869 3112 Hes
1900 3052 2117 3129 cippus
2148 3054 2410 3129 appella-

320 3156 487 3214 bant.
577 3157 741 3214 Ante
787 3155 902 3214 hes
947 3154 1215 3230 obliquis
1276 3138 1598 3213 ordinibus
1644 3154 1705 3212 in
1753 3162 2165 3229 quincuncem
2212 3154 2413 3230 dispo-

322 3255 456 3314 sitis
480 3256 729 3315 scrobes
750 3255 813 3313 in
839 3254 1224 3313 altitudinem
1252 3253 1430 3312 trium
1458 3253 1682 3329 pedum
1704 3253 2100 3313 fodiebantur
2119 3255 2409 3330 paulatim

323 3355 673 3433 angustiere
706 3357 785 3415 ad
818 3356 1090 3414 infimum
1112 3350 1154 3385 ¹2
1182 3353 1453 3431 fastigie.
1546 3355 1690 3412 Huc
1716 3361 1940 3412 teretes
1972 3355 2214 3430 stipites
2243 3355 2414 3413 ferni-
2453 3371 2517 3421 30

321 3454 420 3515 nis
451 3455 856 3515 crassitudine
888 3456 966 3514 ab
998 3461 1237 3514 summe
1273 3463 1587 3530 praeacuti
1618 3463 1680 3513 et
1710 3463 1983 3530 praeusti
2015 3455 2413 3514 demitteban-

407 3605 493 3654 Cf.
527 3603 549 3638 1
571 3605 632 3657 in
668 3618 824 3670 opere
860 3606 1166 3670 occupetus.
1191 3632 1261 3641 —
1281 3602 1304 3635 ²
1328 3603 1645 3654 humilibus.
1666 3632 1735 3641 —
1750 3602 1773 3636 ⁸
1795 3604 2041 3656 deducti.
2061 3604 2163 3641 -4
2188 3604 2418 3669 impedi-

322 3689 463 3740 rent.
481 3716 551 3725 —
565 3686 589 3721 ⁶
612 3704 733 3752 opp.
768 3689 1008 3754 propius.
1027 3686 1133 3725 —6
1157 3687 1374 3738 adoriri.
1399 3715 1470 3723 —
1491 3683 1512 3718 ⁷
1536 3687 1734 3737 exutis.
1760 3714 1829 3723 —
1849 3685 1870 3719 ⁸
1890 3685 2075 3737 infixi.
2103 3714 2169 3723 —
2189 3686 2212 3719 ⁹
2235 3690 2417 3739 exste-

325 3773 476 3824 bant.
492 3799 562 3808 —
577 3770 620 3804 10
647 3787 767 3837 opp.
792 3772 1056 3823 exierant.
1074 3769 1196 3807 —11
1222 3768 1741 3822 transfodiebantur.
1757 3767 1881 3804 —12
1903 3785 2024 3833 opp.
2050 3783 2341 3822 summum.
