2819 4297
319 289 377 336 Β.
401 289 463 337 G.
486 289 578 337 VI.
601 290 703 355 34]
776 280 1035 344 Second
1059 283 1462 363 Expedition
1496 284 1633 347 into
1672 285 2013 367 Germany.
2282 299 2406 366 177

587 518 791 561 Dividea
818 501 903 562 hia·
927 521 1106 563 Fon-ces
1134 522 1230 562 and
1259 522 1501 564 Proceeda
1527 523 1577 563 in
1606 523 1784 565 search
1813 523 1865 564 of
1889 522 2156 564 Ambiorix.

402 644 496 693 33.
559 638 793 698 Partite
814 635 834 671 ¹
863 640 1135 699 exercitu
1164 641 1236 699 T.
1272 642 1613 700 Labienum
1645 660 1784 699 eum
1825 640 2172 718 legienibus
2210 639 2407 702 tribus

315 736 399 795 ad
431 728 751 797 Oceanum
780 758 995 798 versus
1039 739 1104 797 in
1147 749 1253 799 eas
1296 749 1489 817 partis
1528 760 1687 817 quae
1728 741 2057 817 Menapies
2097 739 2407 819 attingunt

314 838 629 915 proficisci
661 837 865 912 iubet;
916 841 984 898 C.
1019 839 1398 899 Trebenium
1433 859 1570 899 cum
1602 836 1776 918 pari²
1804 841 2114 918 legienum
2151 848 2406 901 numere

316 937 395 996 ad
445 956 582 996 eam
626 938 940 1016 regienem
989 959 1147 1017 quae
1194 939 1537 999 Aduatucis
1582 942 1824 1000 adiacet
1869 937 2410 1017 depopulandam³

316 1038 541 1111 mittit3
586 1038 718 1115 ipse
752 1058 891 1097 cum
922 1039 1174 1116 reliquis
1208 1058 1281 1099 111
1313 1041 1393 1100 ad
1425 1040 1649 1100 flt'imen
1685 1041 1972 1113 Scaldim,
2007 1041 2171 1117 quod
2209 1042 2409 1101 influit
2480 1046 2552 1110 5⁶

316 1137 380 1195 in
432 1139 697 1212 Mosam,
746 1136 1215 1215 extremasque⁴
1262 1140 1639 1200 Arduennae
1690 1149 1882 1217 partis
1933 1149 2020 1200 ire
2067 1141 2403 1214 Censtituit,

316 1245 443 1313 que
475 1256 613 1296 cum
643 1248 860 1315 paucis
906 1239 1220 1317 equitibus
1262 1241 1607 1317 protectum
1641 1241 2063 1319 Ambiorigem
2096 1241 2403 1300 audiebat.

322 1336 668 1397 Discedens
701 1349 843 1416 post
874 1338 1038 1398 diem
1071 1358 1159 1399 vn
1195 1346 1332 1399 sese
1364 1349 1749 1399 reversfirum
1769 1337 1792 1371 ⁶
1819 1341 2178 1413 centirmat3
2221 1359 2405 1416 quarn

315 1437 397 1496 ad
429 1437 593 1498 diem
637 1447 695 1498 ei
738 1438 969 1517 legieni
1013 1459 1172 1516 quae
1211 1440 1273 1499 in
1316 1440 1628 1518 praesidie
1659 1440 2116 1517 relinquebatur
2143 1441 2405 1501 frflmen·

316 1549 444 1597 tum
492 1537 704 1598 deberi
747 1538 1002 1599 sciebat.
1093 1541 1436 1600 Labienum
1480 1540 1983 1617 Trebeniumque
2026 1542 2319 1614 hortatur,
2353 1551 2406 1601 si
2447 1567 2505 1603 10

315 1646 405 1697 rei
436 1638 723 1716 pfiblicae
752 1640 1080 1701 commode
1104 1641 1308 1700 facere
1338 1641 1601 1718 possint,
1627 1642 1708 1701 ad
1738 1661 1880 1701 eurn
1910 1641 2072 1701 diem
2104 1651 2405 1701 revertan-

316 1748 446 1813 tur;
493 1749 576 1812 ut,
612 1748 820 1799 rfirsus
862 1741 1312 1801 commfinicete
1343 1741 1608 1802 censilie
1650 1742 2106 1819 expleratisque
2135 1741 2405 1801 hostium

315 1836 709 1912 ratienibuS,⁶
736 1840 904 1900 aliud
937 1840 1175 1899 initium
1207 1840 1356 1900 belli
1386 1860 1609 1918 capere
1640 1841 1901 1918 possint.

315 2006 420 2048 The
461 2004 753 2048 Difficultiea
790 2007 841 2048 of
879 2007 966 2048 the
1004 2007 1250 2049 Situation
1290 2007 1579 2059 Explained.
1635 2006 1803 2048 Coesar
1844 2007 1995 2048 Seeks
2021 2007 2243 2048 Alliance
2279 2008 2404 2049 with

866 2074 1023 2116 Gallie
1051 2074 1220 2115 Tribes
1249 2074 1447 2125 against
1473 2073 1559 2114 the
1586 2072 1856 2114 Eburones.

397 2201 495 2251 34.
557 2195 719 2266 Erat,
766 2204 832 2253 ut
878 2202 1065 2271 supra
1111 2194 1689 2267 demenstravimuS,
1737 2212 1956 2252 manus
2004 2204 2172 2260 certa
2218 2194 2402 2269 nfilla,

317 2302 443 2354 nen
495 2294 808 2371 oppidum,
844 2302 969 2355 nen
1023 2294 1396 2372 praesidium
1452 2294 1620 2371 quod
1671 2300 1737 2353 se
1789 2302 1973 2352 armis
2022 2295 2402 2368 defenderet,
2445 2323 2503 2377 ¹5

315 2395 428 2454 sed
474 2393 538 2452 in
582 2403 782 2454 omnis
826 2404 1018 2472 partis
1063 2392 1386 2472 dispersa⁷
1426 2394 1770 2454 multitude.
1861 2392 1988 2453 Ubi
2034 2393 2254 2471 cuique
2301 2407 2404 2454 aut

315 2494 509 2554 valles
555 2490 808 2555 abdita⁸
843 2505 949 2555 aut
979 2496 1152 2554 locus
1185 2495 1485 2554 silvestris
1527 2504 1632 2554 aut
1675 2495 1850 2571 palus
1891 2494 2188 2571 impedita
2231 2514 2404 2572 spern

314 2595 589 2671 praesidi
634 2605 741 2656 aut
785 2595 1000 2655 salutis
1045 2596 1312 2672 aliquam
1366 2595 1686 2668 offerebat,
1734 2595 2116 2655 consederat.
2225 2598 2404 2655 Haec

315 2696 456 2755 loca
487 2695 910 2756 vicinitatibus
929 2691 952 2727 ⁹
979 2707 1152 2755 erant
1183 2704 1351 2768 neta,
1385 2703 1798 2772 magnamque
1830 2702 1928 2754 res
1966 2695 2345 2773 diligentiam
2366 2693 2406 2728 ¹⁰

316 2796 685 2872 requirebat,
725 2804 851 2856 nen
902 2796 965 2854 in
1014 2804 1251 2855 summa
1296 2796 1604 2856 exercitiis
1653 2796 1886 2855 tuenda
1932 2796 2191 2874 (nfillum
2239 2797 2401 2856 enim
2441 2820 2504 2856 20

314 2905 560 2972 poterat
603 2897 905 2956 finiversis
946 2901 985 2955 ᾶ
1028 2897 1364 2973 perterritis
1409 2915 1484 2955 ac
1528 2896 1826 2973 dispersis
1871 2896 2206 2971 periculum
2253 2897 2405 2956 acci-

314 2996 513 3076 dere),
559 2997 671 3056 sed
713 2996 777 3054 in
824 2996 1081 3073 singulis
1125 2996 1420 3055 militibus
1466 2996 1944 3067 censervandis3
1993 3014 2151 3072 quae
2196 3007 2399 3056 tamen

313 3092 351 3127 ¹¹
372 3114 449 3155 ex
496 3106 668 3173 parte
717 3104 814 3156 res
868 3097 947 3156 ad
995 3097 1256 3155 salntem
1302 3097 1608 3156 exercitus
1655 3095 2022 3173 pertinebat.
2127 3099 2288 3155 Nam
2340 3109 2401 3156 et

315 3196 585 3273 praedae
615 3197 924 3274 cupiditas
955 3197 1180 3256 multes
1211 3196 1456 3274 longius
1494 3196 1845 3269 sevocebat‚
1877 3205 1940 3255 et
1983 3196 2174 3256 silvae
2215 3197 2401 3256 incer-

313 3306 392 3357 tis
438 3297 823 3374 occultisque
869 3298 1193 3356 itineribus
1238 3297 1555 3356 cenfertes
1599 3297 1769 3355 adire
1821 3297 2248 3373 prohibebant.
2338 3299 2402 3358 Si
2438 3319 2500 3373 25

315 3398 631 3474 negetium
647 3394 691 3429 ¹²
716 3399 941 3458 cenfici
964 3398 1337 3474 stirpemque
1353 3393 1395 3428 ¹³
1415 3396 1733 3455 hominum
1760 3397 2194 3457 sceleraterum
2220 3398 2397 3459 inter·

313 3498 415 3557 fici
459 3497 660 3571 vellet,
707 3498 1107 3558 dimittendae
1152 3497 1358 3574 plnres
1403 3506 1621 3555 mansis
1669 3497 2129 3574 diducendique
2148 3494 2190 3531 ¹⁴
2226 3510 2402 3559 erant

394 3630 478 3680 Cf.
504 3628 2397 3684 1diviso.—2e6dem.—⁸vastandam.—⁴animia—⁵reditatum.

313 3713 410 3750 -ὅ
435 3715 694 3766 οὸιιείιίἰε.
711 3711 813 3750 -7
837 3714 1128 3778 dissipata.
1145 3712 1246 3749 —0
1266 3714 1492 3764 remeta.
1508 3711 1611 3749 —⁹
1628 3713 2152 3778 propinquitatibus.
2169 3743 2238 3752 -
2255 3714 2296 3748 ¹⁰
2314 3718 2403 3767 cii-

315 3810 447 3848 ram.
464 3825 533 3834 —
547 3795 589 3829 ²¹
612 3796 833 3862 partim.
851 3793 975 3832 —12
997 3807 1234 3860 operam.
1249 3793 1375 3832 —18
1398 3808 1586 3859 genus.
1603 3823 1670 3832 ——
1685 3793 1727 3828 1⁴
1752 3811 1873 3859 opp.
1899 3797 2142 3858 cogendi.
