2819 4297
269 280 652 346 B.G.v1.31.]
724 237 983 335 second
1006 269 1408 352 Expedition
1444 270 1581 333 into
1621 271 1970 353 Germany.
2232 286 2350 351 175

266 461 398 521 fieri
450 461 793 538 prohibeat,
840 466 919 519 ne
965 479 1089 538 qua
1138 460 1271 520 eius
1324 460 1628 521 adventus
1649 457 1668 492 ¹
1721 459 1937 537 procul
1989 458 2359 539 significatio

265 562 413 635 fiat3
463 567 601 621 sese
632 562 958 622 confestim
977 559 1001 593 ²
1028 562 1326 638 subsequi
1356 561 1526 622 dicit.

738 761 991 803 Ambiorix
1020 761 1127 802 Has
1153 760 1239 802 the
1266 760 1404 803 Good
1434 761 1570 802 Luck
1594 764 1648 802 to
1677 760 1883 814 Eneape-

350 889 445 938 30.
508 879 747 939 Basilus
792 889 860 938 ut
904 879 1267 955 imperatum
1308 889 1402 939 est
1430 879 1599 940 facit.
1690 879 1988 940 Celeriter
2019 886 2358 956 contraque

267 981 539 1041 omnium
584 980 940 1058 opinionem
985 980 1275 1040 confecto
1319 980 1538 1040 itinere
1580 981 1808 1042 multos
1853 981 1916 1039 in
1961 988 2124 1057 agris
2167 979 2361 1057 inopi-

266 1079 514 1141 nantis⁸
555 1080 993 1157 deprehendit3
1040 1087 1250 1139 eorum
1296 1080 1528 1140 indicio
1572 1081 1652 1140 ad
1695 1080 1898 1158 ipsum
1938 1078 2356 1156 Ambiorigem

268 1180 606 1253 contendit,
641 1187 764 1255 qus)
795 1180 860 1237 in
891 1180 1030 1239 loco
1061 1199 1199 1239 cum
1232 1189 1449 1257 paucis
1481 1180 1791 1256 equitibus
1836 1199 1975 1239 esse
2020 1180 2355 1239 dicebatur.

270 1283 538 1340 Multum
584 1299 723 1339 curn
768 1280 830 1338 in
875 1279 1164 1339 omnibus
1206 1281 1392 1340 rebus
1437 1291 1565 1340 tum
1608 1280 1669 1339 in
1716 1287 1779 1340 re
1821 1279 2067 1339 militari
2110 1276 2360 1357 potest*

265 1383 529 1442 fortuna.
623 1382 783 1439 Nam
815 1388 884 1439 ut
910 1388 1134 1458 magno
1165 1380 1394 1441 accidit
1423 1389 1571 1441 casii
1601 1391 1668 1439 ut
1699 1380 1761 1439 in
1799 1380 2000 1457 ipsum
2043 1379 2357 1439 incautum

267 1481 456 1541 etiarn
487 1491 673 1558 atque
706 1480 1067 1557 imparatum
1101 1480 1420 1556 incideret,
1452 1481 1747 1559 priusque
1777 1481 1910 1541 eius
1941 1480 2246 1540 adventus
2278 1480 2357 1539 ab

267 1582 556 1641 omnibus
602 1581 911 1640 videretur
962 1600 1147 1658 quam
1197 1582 1366 1642 fama
1416 1602 1491 1642 ac
1543 1581 1796 1668 nuntius
1853 1581 2214 1654 adferretur,
2266 1589 2357 1640 sic

268 1801 409 1841 cum
455 1788 523 1841 se
566 1782 839 1841 habebat
883 1788 1115 1859 erepto,
1165 1783 1330 1842 redis
1390 1791 1692 1860 equisque
1736 1783 2219 1860 comprehensis,
2272 1781 2360 1859 ip-

269 1901 407 1942 sum
441 1882 713 1958 effugere
744 1891 1021 1942 mortem.
1115 1882 1239 1942 Sed
1283 1882 1412 1958 hoc,
1440 1884 1673 1941 sactum
1711 1892 1822 1956 est,
1857 1883 2041 1959 quod,
2076 1881 2359 1942 aedificis>

271 1982 658 2041 circumdato
717 1980 887 2054 silva,
951 1991 1019 2041 ut
1090 1991 1236 2042 sunt
1302 1984 1432 2044 sere
1490 1983 1799 2042 domicilia
1856 1983 2193 2054 Gallorum,
2252 1990 2358 2059 qui

270 2083 509 2142 vitandi
580 2078 830 2142 aestfis⁶
885 2091 1076 2142 causa
1147 2084 1505 2161 plerumque
1564 2083 1852 2142 silvarum
1911 2101 1985 2143 ac
2040 2081 2356 2141 fluminum

270 2193 490 2262 petunt
532 2183 1025 2261 propinquitati5‚
1073 2184 1329 2244 comites
1371 2181 1867 2262 familiaresque⁷
1912 2183 2045 2244 eius
2096 2190 2359 2261 angusto

269 2286 334 2342 in
394 2286 533 2344 loco
591 2283 908 2362 paulisper
965 2284 1245 2361 equitum
1305 2292 1655 2345 nostrorum
1707 2280 1869 2343 vim⁸
1916 2284 2357 2344 sustinuerunt.

276 2387 397 2444 His
444 2385 865 2462 pugnantibus
910 2384 1080 2443 illum
1126 2385 1186 2443 in
1233 2404 1462 2462 equum
1507 2385 1758 2462 quidam
1794 2404 1870 2445 ex
1899 2393 2029 2444 suis
2072 2383 2278 2443 intulit
2306 2380 2361 2455 3⁹

268 2486 608 2563 fugientem
641 2485 832 2545 silvae
862 2491 1162 2574 texerunt.
1255 2486 1358 2545 Sic
1388 2495 1451 2544 et
1480 2486 1559 2545 ad
1590 2485 1975 2545 subeundum
2018 2483 2359 2562 periculum

269 2597 332 2645 et
363 2587 444 2646 ad
474 2586 793 2645 vitandum
824 2587 1079 2644 multum
1110 2586 1358 2645 fortuna
1386 2582 1644 2646 valuit.¹⁰

272 2769 368 2811 His
397 2768 579 2811 Fortes
606 2767 828 2810 Disband
854 2768 952 2810 and
980 2767 1265 2809 withdraw
1292 2771 1345 2809 to
1371 2767 1460 2809 the
1486 2767 1661 2809 Fon-est
1695 2769 1792 2810 and
1828 2768 2070 2810 uarshen.
2125 2766 2357 2809 Catuvol-

1018 2845 1108 2876 cus
1135 2834 1379 2876 commite
1407 2835 1621 2877 suicide.

354 2963 451 3013 31.
504 2953 825 3014 Ambiorix
847 2953 1060 3031 copias
1084 2961 1228 3013 suas
1252 2950 1614 3014 iudicione¹¹
1635 2961 1760 3013 non
1785 2952 2164 3026 conduxerit,
2191 2952 2359 3030 quod

272 3056 507 3133 proelio
536 3055 957 3115 dimicandum
988 3062 1113 3115 non
1145 3054 1541 3127 existimaret,
1569 3074 1649 3114 an
1678 3065 1952 3132 tempore
1983 3054 2268 3115 exclusus
2298 3062 2361 3113 et

273 3163 601 3234 repentino
644 3156 919 3234 equiturn
964 3156 1238 3216 adventii
1281 3155 1646 3234 prohibituS,
1678 3174 1818 3215 cum
1857 3154 2158 3231 reliquum
2198 3172 2363 3214 exer-

274 3257 462 3318 citum
507 3256 805 3334 subsequi
850 3257 1148 3330 crederet,
1198 3257 1453 3317 dubium
1499 3266 1611 3316 est.
1701 3257 1825 3317 Sed
1875 3262 2042 3315 certe
2089 3253 2360 3315 dimissis

273 3377 384 3436 per
415 3365 597 3436 agros
632 3357 864 3417 nuntiis
909 3356 1030 3417 sibi
1075 3376 1382 3434 quemque
1428 3357 1751 3416 consulere
1796 3356 1991 3415 iussit.
2080 3356 2359 3430 Quorum

274 3477 418 3536 pars
468 3457 534 3517 in
584 3458 985 3518 Arduennam
1031 3456 1268 3529 silvam,
1316 3476 1461 3534 pars
1505 3456 1568 3514 in
1623 3452 2057 3516 continentis¹²
2104 3456 2361 3533 paludes

363 3623 448 3674 Cf.
483 3622 505 3658 ¹
529 3639 653 3688 opp.
679 3624 958 3676 discessio.
982 3651 1051 3661 —
1070 3622 1094 3655 ²
1118 3624 1332 3675 statim.
1356 3651 1426 3659 —
1446 3622 1469 3656 ⁸
1491 3622 1709 3674 inscios.
1736 3651 1802 3660 —
1821 3622 1846 3655 ⁴
1868 3623 2037 3674 valet.
2054 3649 2123 3657 —
2143 3619 2166 3654 ⁶
2187 3623 2365 3673 armi-

274 3709 495 3761 mentis.
520 3735 589 3745 —
607 3707 630 3741 ⁸
654 3723 774 3772 opp.
811 3706 1051 3772 frigoris.
1069 3735 1136 3742 —
1158 3705 1178 3739 ⁷
1201 3707 1385 3758 amici.
1411 3734 1477 3743 —
1499 3705 1519 3738 ⁸
1543 3705 1830 3771 impetum.
1855 3733 1924 3741 —
1943 3705 1967 3739 ⁹
1988 3705 2270 3770 imposuit.
2295 3730 2364 3739 —-

274 3789 316 3826 ¹⁰
340 3791 542 3857 potuit.
559 3789 684 3828 —11
708 3792 975 3845 consulto.
991 3818 1060 3828 —
1076 3789 1119 3823 ¹²
1143 3792 1452 3855 perpetuis.

2431 1097 2458 1151 5

2399 1597 2457 1633 10

2398 2102 2457 2156 15

2395 2603 2459 2639 20

2397 3367 2460 3422 25
