2819 4297
370 268 461 352 98
1101 269 1235 334 lee
1287 270 1508 334 Gallie:
1558 272 1728 337 War.
2235 280 2467 347 [CAESAR

923 511 1061 563 They
1091 512 1222 554 Send
1251 512 1353 553 him
1390 524 1421 553 a
1448 510 1643 554 Defluat
1668 513 1911 566 Menate.

461 640 512 689 7.
575 632 670 690 Re
713 630 1506 707 frumentaria'comparata
1552 631 1984 709 equitibusque
2031 632 2306 705 delectiS,
2350 634 2467 694 iter

376 732 439 791 in
485 750 558 790 ea
602 732 737 791 loca
773 732 980 791 facere
1018 731 1225 808 coepit
1256 730 1482 807 quibus
1523 731 1587 790 in
1625 731 1779 791 locis
1819 750 1957 791 esse
1990 734 2335 793 Germanos
2366 752 2464 792 au-

376 831 606 891 diebat.
694 823 752 891 Ᾰ
782 831 1006 908 quibus
1038 851 1175 891 cum
1207 831 1543 909 paucorum
1575 832 1810 891 dierum
1842 833 1955 892 iter
1987 833 2252 905 abesset,
2279 834 2464 911 legati

377 934 455 991 ab
480 941 571 992 eis
598 938 915 1003 venerunt,
945 940 1203 1009 quorum
1236 932 1388 991 haec
1419 932 1536 990 fuit
1561 932 1755 991 oratio
1787 956 1799 991 :
1848 941 1862 966 ‘
1884 934 2229 993 Germanos
2260 953 2463 1010 neque

312 1051 338 1104 5
375 1032 611 1110 priores
633 1032 862 1109 populo
890 1035 1176 1092 Romano
1201 1031 1431 1090 bellum
1458 1032 1679 1090 inferre
1707 1050 1907 1110 neque
1932 1042 2134 1091 tamen
2162 1042 2462 1107 recusare,

375 1142 428 1192 si
473 1130 893 1206 lacessantur,1
936 1143 1084 1208 quin
1132 1142 1316 1191 armis
1361 1132 1758 1203 contendant,
1805 1133 1973 1209 quod
2015 1135 2463 1193 Germanorum

374 1234 757 1295 consuetudo
785 1222 1119 1314 [haec]‘sit
1141 1241 1178 1292 a
1204 1232 1538 1292 maioribus
1570 1233 1807 1306 tradita,
1837 1243 2208 1311 quicumque
2234 1235 2465 1294 bellurn

376 1336 659 1408 inferant,
705 1335 991 1394 resistere
1050 1353 1251 1411 neque
1311 1334 1646 1410 deprecari.
1738 1336 1916 1394 Haec
1973 1344 2181 1394 tamen
2240 1336 2463 1409 dicere,

374 1437 620 1495 venisse
664 1435 907 1509 invit6S,
939 1435 1172 1495 eiectos
1214 1435 1398 1494 domo
1428 1458 1440 1506 3
1490 1444 1543 1494 si
1576 1454 1747 1494 suam
1778 1435 2036 1513 gratiam
2070 1438 2336 1495 Romani
2368 1455 2467 1496 ve-

281 1553 340 1589 10
375 1536 506 1609 lint,
540 1555 725 1613 posse
769 1545 858 1596 eis
903 1536 1069 1595 utilis
1113 1555 1249 1596 esse
1296 1544 1564 1609 amic6s3
1610 1537 1705 1596 vel
1741 1536 1856 1594 sibi
1903 1544 2082 1612 agros
2128 1536 2467 1597 attribuant

375 1639 474 1697 vel
520 1637 831 1714 patiantur
861 1646 969 1698 eos
1000 1645 1208 1697 tenere
1241 1646 1398 1714 quos
1437 1646 1621 1696 armis
1665 1637 2054 1713 possederint
2083 1660 2094 1695 ε
2158 1644 2295 1696 sese
2326 1646 2464 1696 finis

380 1740 597 1797 Suevis
640 1738 998 1809 concedere,
1047 1738 1271 1815 quibus
1317 1745 1394 1797 ne
1442 1738 1528 1797 dii
1574 1738 1820 1814 quidem
1866 1738 2238 1797 immortales
2282 1745 2464 1815 pares

377 1857 514 1897 esse
549 1838 784 1916 possint
810 1863 823 1911 3
871 1838 1167 1915 reliquum
1193 1839 1444 1915 quidem
1475 1839 1539 1897 in
1569 1847 1746 1898 terris
1778 1857 1915 1899 esse
1948 1839 2255 1899 neminem
2280 1858 2464 1915 quem

375 1946 504 1999 non
534 1948 822 2016 superare
853 1939 1133 2018 possint.’

834 2107 912 2147 He
940 2107 1119 2148 Orders
1146 2100 1361 2150 them'to
1389 2107 1672 2148 withdraw
1700 2108 1827 2148 from
1855 2106 1995 2150 Gaul.

279 2243 338 2296 15
455 2237 511 2286 8.
572 2228 672 2287 Ad
703 2229 858 2288 haec
884 2231 1114 2288 Caesar
1144 2247 1301 2303 quae
1326 2237 1525 2287 visum
1546 2225 1568 2259 ²
1596 2238 1692 2287 est
1723 2228 2075 2304 respondit;
2124 2229 2234 2288 sed
2266 2228 2464 2289 exitus

373 2328 490 2389 fuit
535 2328 863 2389 orationis:
916 2328 1080 2387 ‘Sibi
1126 2328 1352 2386 nullam
1392 2347 1530 2387 cum
1576 2329 1673 2387 his
1716 2328 2044 2387 amicitiam
2077 2348 2214 2388 esse
2260 2349 2461 2405 posse,

376 2439 428 2489 si
474 2430 533 2487 in
581 2430 784 2489 Gallia
827 2436 1248 2501 remanerent3
1296 2448 1497 2504 neque
1544 2436 1752 2488 verum
1798 2449 1936 2489 esse
1982 2438 2087 2505 qui
2132 2437 2278 2489 suos
2312 2430 2462 2488 finis

374 2537 530 2590 tueri
560 2539 682 2590 non
716 2529 1028 2607 potuerint
1059 2529 1294 2589 alienos
1326 2538 1627 2606 occupare
1657 2553 1669 2601 ;
1734 2548 1936 2606 neque
1969 2531 2125 2590 ullos
2167 2530 2229 2587 in
2261 2530 2463 2591 Gallia

373 2641 591 2691 vacare
637 2639 817 2708 agros
876 2638 982 2707 qui
1027 2630 1159 2688 dari
1204 2639 1416 2689 tantae
1474 2630 1835 2707 praesertim
1895 2628 2270 2689 multitudini
2330 2630 2462 2689 sine

276 2754 339 2790 20
375 2732 595 2792 iniuria
640 2731 922 2808 possint;
999 2731 1109 2790 sed
1162 2730 1361 2802 licere,
1412 2739 1464 2789 si
1509 2730 1717 2802 velint,
1767 2730 1829 2788 in
1875 2731 2178 2791 Ubiorum
2231 2731 2462 2799 finibus

373 2834 712 2905 considere,
774 2839 1032 2908 quorum
1095 2832 1218 2891 sint
1277 2832 1465 2909 legati
1525 2831 1691 2907 apud
1750 2838 1816 2890 se
1877 2841 1939 2889 et
1998 2832 2075 2890 de
2127 2833 2462 2890 Suevorum

374 2933 609 2992 iniuriis
656 2942 990 3014 querantur
1040 2941 1101 2992 et
1151 2941 1189 2992 a
1235 2940 1301 2991 se
1356 2931 1646 2991 auxilium
1690 2940 1944 3008 petant;
2005 2932 2124 2991 hoc
2169 2938 2235 2990 se
2280 2930 2464 2990 Ubiis

373 3033 848 3110 imperaturum)

1247 3132 1384 3182 They
1418 3132 1589 3183 Delay.

455 3259 510 3309 9.
572 3253 790 3328 Legati
820 3252 974 3311 haec
1006 3259 1072 3310 se
1105 3252 1183 3310 ad
1217 3259 1362 3311 suos
1394 3250 1694 3310 relaturos
1725 3251 2011 3311 dixerunt
2051 3260 2112 3309 et
2144 3257 2208 3310 re
2239 3250 2466 3310 delibe-

276 3372 337 3423 ²5
376 3361 504 3412 rata
534 3361 676 3429 post
707 3352 870 3411 diem
911 3352 1156 3411 tertium
1190 3353 1267 3409 ad
1302 3354 1633 3411 Caesarem
1675 3359 2060 3424 reversfl1653
2125 3350 2357 3410 interea
2389 3357 2465 3409 ne

374 3452 626 3530 propius
659 3460 725 3512 se
756 3462 958 3512 castra
996 3459 1266 3512 moveret
1297 3452 1620 3527 petierunt.
1713 3455 1810 3511 Ne
1849 3452 1912 3511 id
1953 3451 2200 3527 quidem
2235 3453 2466 3512 Caesar

374 3554 452 3613 ab
486 3560 552 3613 se
583 3553 895 3629 impetrari
927 3572 1110 3628 posse
1144 3552 1315 3611 dixit.
1412 3554 1806 3628 Cognoverat
1832 3552 1993 3610 enim
2019 3560 2302 3629 magnam
2334 3571 2467 3628 par-

373 3663 497 3714 tem
546 3655 855 3730 equitatus
905 3654 982 3711 ab
1024 3661 1114 3711 eis
1145 3651 1377 3728 aliquot
1409 3652 1629 3711 diebus
1661 3664 1804 3712 ante
1836 3653 2175 3728 praedandi
2205 3653 2469 3711 frumen-

669 3803 756 3853 cf.
779 3801 799 3836 ¹
823 3803 1129 3868 lacesseret,
1155 3817 1205 3866 p.
1230 3815 1310 3866 31,
1333 3800 1369 3849 1.
1398 3814 1475 3865 19.
1491 3799 1592 3840 -2
1614 3800 1956 3869 videbantur,
1982 3801 2063 3867 63,
2092 3815 2168 3865 14.
