2819 4297
284 293 342 347 Β.
365 292 430 347 G.
451 290 558 347 111.
576 291 683 364 22.]
920 278 1196 351 Crassus
1243 284 1316 350 in
1361 282 1758 371 Aquitania.
2291 290 2379 375 89

284 487 428 538 runt
454 502 469 551 3
502 477 730 538 deinde
755 477 1028 556 equitatu
1059 486 1172 539 sue
1202 479 1383 556 pulse
1414 489 1601 557 atque
1633 480 2102 557 insequentibus
2130 490 2376 556 nostriS,

284 577 494 639 subite
523 578 834 655 pedestris
864 579 1097 656 copiaS,
1129 589 1286 657 quas
1317 579 1381 638 in
1427 580 1706 639 convalle
1737 580 1799 640 in
1832 580 2074 640 insidiis
2105 582 2382 643 conloca-

284 687 518 752 verant‚
552 678 978 739 ostenderunt.
1069 680 1160 738 Hi
1208 686 1456 741 nostres
1509 679 1801 741 disiectes
1836 681 2035 741 adorti
2079 681 2380 758 proelium

288 775 705 839 renovarunt}

290 929 369 969 He
400 927 603 969 Defeats
623 927 761 969 them
780 928 830 969 in
858 928 1025 971 Battle
1043 930 1140 971 and
1158 930 1393 981 Besieges
1419 928 1548 971 their
1575 929 1887 982 Stronghold.
1941 931 2077 983 They
2097 932 2377 975 Suri-endem

369 1054 465 1103 21.
526 1048 873 1124 Pugnatum
920 1056 1015 1107 est
1059 1047 1164 1107 dii-1
1209 1058 1394 1124 atque
1438 1047 1677 1122 acriter,
1709 1067 1847 1108 cum
1894 1050 2161 1110 Setiates
2204 1071 2380 1129 supe-

282 1147 552 1207 rieribus
622 1147 894 1208 victeriis
963 1148 1108 1206 freti
1174 1146 1235 1206 in
1303 1156 1417 1207 sua
1475 1148 1697 1208 virtute
1757 1157 1947 1210 tetius
2006 1152 2377 1227 Aquitaniae

284 1247 550 1306 salutem
591 1247 858 1325 positam
902 1255 1230 1324 putarent3
1276 1257 1472 1307 nostri
1516 1258 1721 1307 autem
1766 1249 1915 1326 quid
1946 1250 2079 1310 sine
2125 1251 2379 1328 impera-

288 1356 424 1408 tere
455 1356 518 1407 et
562 1348 696 1408 sine
741 1347 992 1424 reliquis
1036 1347 1384 1424 legienibus
1431 1349 1896 1410 adulescentule
1938 1350 2096 1413 duce
2140 1352 2378 1413 efficere

287 1458 546 1525 possent
563 1445 864 1525 perspici²
882 1458 1205 1525 cuperent3
1238 1449 1488 1509 tandem
1507 1449 1775 1509 cenfecti
1795 1450 2147 1514 volneribus
2166 1452 2379 1512 hostes

286 1560 460 1626 terga
489 1555 821 1608 verterunt.
909 1549 1188 1623 Querum
1218 1557 1445 1626 magne
1475 1557 1729 1610 numere
1758 1549 2085 1612 interfecte
2117 1553 2377 1612 Crassus

286 1668 364 1709 ex
409 1649 624 1709 itinere
675 1649 971 1726 oppidum
1026 1649 1351 1709 Setietium
1401 1659 1757 1727 oppugnare
1801 1652 2023 1728 coepit.
2133 1652 2379 1726 Quibus

284 1749 526 1810 fortiter
554 1749 984 1812 resistentibus
1023 1759 1237 1810 vineas
1279 1759 1588 1828 turrisque
1629 1751 1770 1829 egit.
1860 1752 1977 1825 Illi,
2012 1752 2164 1815 alias
2208 1759 2378 1830 erup-

286 1850 460 1912 tiene
489 1861 802 1930 temptate,
837 1854 989 1913 alies
1033 1853 1335 1913 cuniculis
1381 1853 1463 1913 ad
1509 1873 1795 1931 aggerem
1840 1862 2178 1930 vineasque
2222 1861 2377 1912 {ictis

291 1951 497 2032 (cuius
526 1962 615 2014 rei
645 1964 789 2015 sunt
832 1954 1012 2032 longe
1056 1952 1449 2031 peritissimi³
1493 1957 1810 2032 Aquitani,
1854 1962 2182 2032 propterea
2212 1953 2378 2030 quod

288 2054 501 2113 multis
543 2054 695 2115 locis
748 2057 912 2133 apud
960 2064 1069 2117 ees
1115 2057 1383 2116 aerariae
1436 2065 1839 2132 secturaeque
1877 2054 2070 2134 sunt),
2103 2052 2209 2112 ubi
2249 2053 2380 2113 dili-

287 2155 500 2232 gentia
528 2163 878 2215 nostrerum
909 2155 1061 2214 nihil
1091 2156 1189 2215 his
1219 2157 1403 2216 rebus
1436 2158 1652 2233 prefici
1691 2175 1877 2233 posse
1929 2155 2374 2227 intellexerunt,

290 2254 530 2332 legates
561 2255 641 2314 ad
673 2258 967 2316 Crassum
996 2247 1265 2329 mittunt,
1302 2264 1492 2333 seque
1523 2257 1584 2316 in
1618 2256 1996 2317 deditienem
2027 2265 2094 2315 ut
2122 2254 2379 2331 recipiat

290 2365 529 2434 petunt.
617 2357 760 2431 Qua
788 2365 852 2417 re
882 2358 1225 2435 impetrate,
1260 2377 1431 2417 arma
1461 2359 1702 2418 tradere
1733 2357 1901 2430 iussi,
1933 2357 2188 2432 faciunt.

840 2507 944 2548 The
973 2508 1202 2557 soldurii,
1233 2518 1288 2548 or
1313 2507 1549 2549 Brothers
1575 2508 1625 2549 in
1650 2507 1811 2548 Arme.

375 2634 470 2683 22.
530 2628 736 2703 Atque
767 2625 830 2685 in
862 2645 998 2685 eam
1028 2645 1153 2686 rem
1196 2626 1469 2685 omnium
1502 2633 1849 2685 nostrerum
1873 2627 2127 2688 intentis
2145 2630 2381 2702 animis,

2417 1571 2477 1608 10

2417 2068 2477 2122 15

290 2725 414 2786 alia‘.
435 2745 510 2785 ex
540 2736 713 2803 parte
744 2726 959 2803 oppidi
1003 2726 1415 2800 Adiatunnus,
1450 2736 1555 2804 qui
1596 2745 1896 2817 summam
1948 2725 2163 2803 imperi
2215 2733 2378 2785 tene·
2414 2748 2474 2783 20

290 2825 418 2896 bat,
453 2844 592 2885 cum
622 2843 706 2886 Dc
736 2826 995 2898 devetis,
1030 2834 1187 2903 ques
1218 2826 1306 2885 illi
1336 2826 1641 2888 solduries
1666 2826 1995 2903 appellant,
2017 2861 2095 2869 —
2119 2833 2375 2902 querum

289 2925 446 2986 haec
476 2935 572 2985 est
617 2926 900 2987 condicie
932 2935 1020 2986 uti
1061 2926 1349 2985 omnibus
1385 2926 1449 2986 in
1490 2935 1615 2986 vita
1667 2922 2039 2986 commodis⁴
2069 2933 2189 2983 fine.
2238 2943 2375 2983 cum

288 3034 383 3086 eis
410 3026 692 3085 fruantur
721 3034 979 3103 querum
1011 3034 1077 3085 se
1120 3027 1424 3087 amicitiae
1456 3026 1842 3099 dediderint3
1882 3035 1935 3085 si
1966 3024 2114 3102 quid
2143 3024 2240 3082 his
2270 3043 2377 3099 per

288 3127 415 3187 vim
447 3127 706 3201 accidat,
739 3136 845 3186 aut
877 3128 1142 3187 eundem
1186 3137 1395 3187 casum
1430 3136 1552 3187 sina
1584 3128 1789 3186 ferant
1829 3136 1933 3185 aut
1973 3124 2090 3185 sibi
2121 3133 2375 3184 mortem

289 3226 749 3304 censciscant3⁸⁵
790 3247 993 3306 neque
1039 3229 1238 3288 adhuc
1276 3228 1593 3287 hominum
1639 3228 1932 3287 memoria
1976 3234 2254 3303 repertus
2284 3233 2375 3285 est
2414 3244 2475 3296 25

288 3330 619 3408 quisquam
662 3339 785 3409 qui,
833 3338 908 3391 ee
953 3329 1276 3390 interfecte
1321 3330 1493 3389 cuius
1539 3335 1606 3388 se
1651 3328 1955 3388 amicitiae
2008 3325 2373 3397 devovisset,

291 3441 550 3491 mortem
579 3441 904 3504 recusaret,
926 3467 1011 3475 —
1033 3450 1174 3490 cum
1204 3431 1300 3488 his
1334 3429 1731 3488 Adiatunnus
1762 3428 2145 3506 eruptionem
2173 3427 2376 3486 facere

288 3540 572 3607 cenatuS,
618 3534 886 3594 clamere
930 3532 1009 3591 ab
1054 3540 1128 3591 ee
1171 3539 1345 3607 parte
1389 3528 1748 3589 mimitienis
1792 3530 2053 3600 sublate,
2103 3545 2241 3586 cum
2299 3527 2377 3585 ad

359 3717 442 3767 Cf.
467 3714 488 3750 ¹
513 3717 829 3783 renovandi,
866 3732 917 3780 p.
954 3729 980 3778 7
991 3727 1034 3780 5,
1069 3715 1104 3763 l.
1129 3714 1176 3763 6.
1200 3742 1268 3751 —
1290 3712 1313 3745 2
1337 3714 1762 3780 perspiciebant,
1796 3711 1878 3772 81,
1927 3715 1971 3770 5.
1996 3709 2097 3747 -8
2120 3709 2380 3774 peritissi-

290 3813 433 3866 mus,
466 3799 539 3859 18,
566 3814 644 3849 22.
662 3798 768 3836 —4
791 3798 1084 3863 commode,
1112 3810 1191 3862 31,
1221 3796 1416 3857 24.—⁵
1438 3797 1778 3862 censciverit,
1812 3810 1860 3857 4,
1890 3807 1964 3861 ¹5·
