2819 4297
437 263 561 344 146
974 296 984 306 ⁴
1160 260 1291 328 The
1344 260 1562 329 Gallie
1599 262 1782 329 'Wan
2173 248 2179 255 .
2285 269 2521 341 [CAESAR

426 454 663 533 paene¹
721 464 800 516 n‘o
857 456 1194 534 respiceret
1251 456 1502 534 quidem
1562 456 1924 534 quisquam3
1990 476 2065 516 ac
2114 466 2244 516 tum
2301 463 2521 515 ornnes

426 558 719 617 acerrime
762 558 1219 635 fortissimeque
1264 566 1626 635 pugnarent.
1719 559 1844 616 Hic
1889 557 2022 616 dios
2062 565 2293 617 nostris
2333 556 2521 634 longo

426 657 825 735 gravissimus
856 658 974 717 fuit
999 682 1013 731 3
1064 659 1173 717 sed
1207 665 1415 716 tamen
1446 658 1613 717 hunc
1642 658 1861 717 habuit
1891 665 2180 717 eventum
2211 666 2279 716 ut
2308 664 2386 717 eo
2416 657 2521 716 die

429 759 731 818 maximus
762 777 1055 818 numerus
1086 758 1355 818 hostium
1386 759 1806 818 volneraretur
1836 768 2020 834 atque
2052 759 2517 831 interficeretur,

367 878 394 932 5
430 868 498 917 ut
549 865 615 917 so
667 859 783 918 sub
835 859 973 937 ipso
1016 859 1181 919 vallo
1232 855 1776 935 constipaverant²
1814 878 2252 934 recessumque
2304 867 2520 936 primis

430 957 626 1017 ultimi
670 966 796 1027 non
842 959 1091 1018 dabant.
1184 959 1443 1017 Paulum
1491 959 1742 1034 quidem
1786 958 2137 1019 intermissa
2165 959 2413 1019 flamma
2458 970 2521 1019 et

431 1058 702 1135 quodam
761 1059 901 1119 loco
958 1067 1108 1119 turri
1161 1061 1384 1119 adacta
1444 1068 1506 1119 et
1558 1060 1951 1137 contingente
2002 1060 2245 1131 vallum,
2300 1060 2519 1119 tertiae

1216 2644 1316 2686 Fra.
1339 2656 1401 2696 75.
1417 2666 1469 2673 —
1483 2645 1736 2685 BALus‘rA.

435 2831 706 2891 cohortis
749 2832 1142 2891 centuriones
1186 2849 1262 2890 ex
1307 2838 1382 2891 eo
1429 2839 1554 2907 quo
1607 2832 1853 2890 stabant
1907 2832 2044 2892 loco
2095 2832 2526 2893 recesserunt⁸

436 2940 705 3009 suosque
754 2940 953 2990 omnis
1000 2938 1428 3003 removerunt3
1476 2941 1627 2990 nutu
1658 2932 2039 3008 vocibusque
2083 2934 2294 2992 hostos
2339 2942 2392 2992 si
2438 2934 2522 2993 in-

345 3049 401 3085 ιο
435 3041 617 3091 troire
649 3032 877 3091 vellent
910 3040 1128 3092 vocare
1160 3038 1518 3109 coeporunt,
1555 3040 1814 3110 quorum
1860 3034 2148 3110 progredi
2195 3053 2380 3093 ausus
2428 3047 2521 3093 est

434 3140 636 3193 nemo.
722 3134 881 3191 Tum
926 3153 1002 3193 ex
1046 3143 1213 3192 omni
1255 3142 1431 3210 parte
1477 3132 1787 3210 lapidibus
1833 3134 2128 3193 coniectis
2175 3134 2525 3194 deturbati⁴

435 3233 738 3311 turrisque
770 3240 1069 3293 succensa
1099 3244 1209 3294 est.

1095 3417 1300 3466 Rivali-y
1328 3416 1379 3457 of
1407 3415 1533 3456 Two
1561 3415 1871 3457 Centurions.

518 3546 612 3593 44.
675 3539 863 3596 Erant
907 3538 969 3594 in
1015 3544 1089 3595 ea
1130 3535 1371 3613 legione
1424 3536 1740 3594 fortissimi
1784 3535 1914 3607 viri,
1962 3535 2368 3608 centurionoS,
2414 3547 2522 3612 qui

436 3636 556 3696 iam
586 3646 799 3714 primis
831 3636 1151 3697 ordinibus
1197 3635 1781 3712 adpropinquarent,
1815 3636 1886 3694 T.
1922 3634 2098 3694 Pullo
2139 3645 2201 3694 et
2231 3637 2299 3695 L.
2332 3637 2522 3696 Voro-

603 3787 686 3836 Cf.
711 3786 731 3820 1
755 3785 886 3837 fere.
908 3785 1010 3823 —2
1032 3784 1421 3837 conferserant.
1439 3784 1540 3822 -3
1566 3787 1623 3836 se·
1648 3786 1978 3849 recepomnt.
1996 3784 2097 3821 —4
2120 3786 2351 3851 dopulsi.
