2819 4297
420 278 511 326 20
1160 256 1292 321 The
1343 255 1565 320 Gallie
1608 256 1777 322 War.
2288 268 2520 336 [casn

423 452 746 513 Helvetius
785 459 987 511 castra
1029 446 1331 510 muvisse¹
1373 458 1436 509 et
1473 448 1838 509 Cunsidium
1878 450 2096 511 timbre
2131 450 2519 529 perterritum

423 552 590 629 quod
643 560 767 612 nun
813 549 1070 610 vidisset
1113 557 1226 627 pru
1262 556 1397 610 visu
1443 549 1564 609 sibi
1608 551 2013 610 renuntiasse.
2106 552 2196 610 Εὸ
2243 551 2361 625 die,
2395 560 2520 629 quu

423 658 751 711 cunsuerat
803 648 1143 724 intervallu,
1185 650 1383 709 hostis
1429 650 1706 727 sequitur
1750 659 1814 709 et
1858 649 2024 708 milia
2066 669 2361 728 passuum
2405 652 2521 712 tria

425 753 503 811 ab
535 758 745 811 eurum
775 759 994 811 castris
1025 759 1231 810 castra
1259 750 1454 828 punit.

425 928 592 970 Coesar
611 927 771 969 Tur-ns
799 928 1019 969 towards
1039 927 1269 969 Bibracte
1295 932 1347 968 to
1375 927 1469 969 Get
1497 927 1739 979 suppiles.
1786 928 1890 970 The
1911 929 2146 980 Helvetii,
2170 930 2522 981 Emboldened.

1304 993 1495 1035 Follow
1524 993 1643 1035 him.

360 1152 389 1208 5
509 1141 603 1192 23.
664 1132 968 1193 Postridie
1012 1132 1146 1192 eius
1187 1132 1328 1206 diei,
1365 1131 1533 1209 quod
1578 1131 1873 1193 omnin6²
1913 1134 2168 1194 biduum
2206 1144 2521 1212 supererat

426 1253 566 1294 cum
611 1232 901 1294 exercitui
948 1233 1326 1293 frumentum
1373 1242 1573 1292 metiri
1595 1229 1619 1264 ⁸
1649 1231 2002 1311 oporteret,⁴
2044 1244 2106 1294 et
2137 1237 2303 1312 quod
2346 1244 2386 1295 ἒ.
2430 1235 2523 1294 Bi-

426 1336 658 1408 bracte,
690 1333 923 1412 oppidu
962 1334 1369 1393 Haeduurum
1427 1333 1609 1411 longe
1654 1334 1920 1393 maximu
1964 1344 2027 1393 et
2071 1335 2518 1413 cupiusissimu,

428 1443 553 1494 nun
585 1434 880 1512 amplius⁶
909 1436 1155 1495 milibus
1190 1456 1487 1514 passuum
1523 1453 1690 1494 xvm
1718 1437 1947 1508 aberat,
1970 1444 2058 1494 rei
2087 1427 2522 1495 frumentariae

427 1535 925 1612 pruspiciendum
968 1537 1376 1609 existimavit3
1438 1539 1639 1614 itaque
1681 1535 1796 1594 iter
1836 1535 1913 1594 ab
1959 1534 2263 1593 Helvetiis
2301 1534 2523 1594 avertit

332 1655 391 1690 ιο
429 1654 504 1695 ac
550 1635 831 1694 Bibracte
874 1644 959 1695 ire
991 1626 1355 1696 contendit.⁶
1443 1639 1531 1695 Ea
1561 1642 1660 1695 res
1702 1655 1810 1713 per
1845 1633 2137 1712 fugitivus
2176 1636 2243 1693 L.
2279 1633 2519 1705 Aemili,

429 1734 780 1795 decutiunis
811 1735 1087 1811 equitum
1118 1736 1454 1809 Gallurum,
1486 1736 1768 1795 hostibus
1802 1734 2135 1794 nuntiatur.
2228 1733 2519 1805 Helvetii,

430 1855 540 1895 seu
572 1835 739 1912 quod
768 1835 987 1895 timure
1018 1836 1376 1913 perterritus
1409 1838 1731 1897 Rumanus
1768 1835 2087 1895 discedere
2130 1844 2167 1894 a
2212 1842 2280 1896 se
2324 1834 2525 1894 existi-

432 1944 687 2008 murent,
720 1943 796 1996 εό
840 1935 1036 2014 magis
1082 1935 1248 2013 quod
1293 1936 1493 2013 pridie
1538 1935 1960 2012 superiuribus
2006 1936 2160 1995 locis
2203 1943 2524 2012 occupatis

430 2036 728 2114 proelium
773 2044 898 2096 nun
942 2018 1438 2111 commisissent,⁷
1482 2045 1613 2096 sive
1658 2044 1734 2097 eu
1778 2035 1945 2113 quod
1989 2042 2054 2095 re
2089 2031 2526 2096 frumentaria⁸

336 2154 393 2207 15
431 2137 754 2198 intercludi
798 2157 983 2215 posse
1027 2136 1433 2212 cunfiderent,
1474 2143 1853 2198 commutatu
1897 2135 2159 2197 cunsiliu
2205 2144 2388 2214 atque
2434 2136 2522 2196 iti·

433 2257 577 2298 nere
628 2245 929 2299 conversu
980 2246 1224 2299 nostrus
1275 2247 1315 2298 ἒ.
1366 2235 1752 2299 novissim6⁹
1800 2237 2047 2315 agmine
2092 2245 2333 2313 insequi
2358 2233 2400 2268 ¹⁰
2450 2255 2523 2296 ac

433 2337 735 2397 lacessere
755 2334 797 2371 ¹¹
825 2346 1178 2415 coeperunt.

1053 2515 1183 2556 Both
1212 2515 1352 2557 Sidet
1382 2516 1591 2566 prepare
1609 2514 1687 2555 for
1712 2514 1895 2556 Esttle.

514 2668 609 2718 24.
670 2661 1007 2737 Postquam
1038 2659 1101 2721 id
1133 2661 1403 2720 animum
1436 2660 1715 2732 advertit,
1750 2660 1966 2738 cupias
2011 2667 2156 2719 suas
2188 2660 2419 2719 Caesar
2457 2658 2520 2716 in

432 2761 774 2839 proximum
833 2761 1051 2821 collem
1123 2760 1409 2821 subducit
1490 2760 1956 2836 equitatumque
2029 2767 2135 2835 qui
2193 2757 2521 2817 sustineret

334 2886 396 2924 20
433 2862 701 2922 hostium
738 2857 1094 2938 impetum¹²
1138 2861 1318 2920 misit.
1412 2863 1556 2938 Ipse
1588 2859 1830 2919 interim
1864 2860 1924 2918 in
1973 2858 2129 2919 colle
2178 2857 2380 2924 mediu
2423 2856 2520 2915 tri-

432 2962 654 3039 plicem
684 2962 879 3022 aciem
905 2957 1241 3021 instruxit¹⁸
1262 2959 1574 3038 legiunum
1599 2969 1889 3038 quattuor
1908 2966 2365 3029 veteranarum3
2408 2956 2518 3015 sed

433 3063 494 3121 in
525 3068 765 3121 summu
795 3060 937 3138 iugu
968 3059 1123 3119 duas
1154 3058 1430 3137 legiunes
1461 3068 1616 3137 quas
1646 3059 1709 3118 in
1740 3059 1944 3119 Gallia
1972 3058 2254 3119 citeriure
2274 3053 2316 3088 ¹⁴
2348 3074 2519 3133 prox-

432 3161 551 3220 ime
580 3168 1031 3240 cunscripserat
1060 3170 1122 3219 et
1151 3160 1357 3220 omnia
1387 3160 1613 3219 auxilia
1635 3159 1960 3232 conlocari,
1991 3159 2099 3239 [ac
2129 3165 2323 3218 tutum
2357 3174 2521 3216 mon-

431 3271 556 3321 tem
586 3257 940 3319 hominibus
971 3260 1280 3337 compleri,
1307 3270 1370 3320 et
1398 3260 1669 3339 interea]
1701 3260 1977 3319 sarcinas
2006 3258 2068 3316 in
2102 3267 2288 3317 unum
2319 3255 2519 3315 locum

515 3427 597 3477 Cf.
623 3427 642 3460 ¹
661 3431 900 3494 movent,
920 3443 971 3492 p.
996 3442 1069 3493 13,
1089 3427 1122 3476 l.
1149 3442 1188 3476 1.
1204 3426 1308 3465 —2
1323 3428 1560 3491 omninu,
1578 3425 1625 3484 6,
1652 3425 1724 3475 18.
1743 3453 1811 3462 —
1826 3423 1849 3458 ⁸
1866 3424 2067 3489 metiri,
2090 3437 2164 3485 14,
2187 3437 2230 3473 2.
2248 3422 2350 3459 ——4
2369 3435 2521 3488 opor-

428 3514 588 3577 tfiret,
620 3525 695 3573 14,
717 3526 761 3561 2.
778 3541 846 3548 —
863 3510 885 3544 ⁶
908 3512 1166 3576 amplius,
1191 3526 1207 3559 ι
1219 3526 1263 3577 3,
1289 3525 1307 3559 1
1323 3523 1364 3576 5.
1384 3539 1454 3547 -—
1468 3510 1491 3543 ⁶
1506 3508 1806 3575 contendit,
1827 3507 1902 3567 18,
1923 3522 2001 3557 21.
2018 3536 2086 3545 —-
2101 3505 2123 3540 ⁷
2137 3506 2517 3571 committeret,

435 3611 509 3662 19,
527 3610 577 3661 9.
593 3595 695 3634 -8
719 3594 1109 3660 frumentariis,
1134 3594 1182 3653 8,
1213 3592 1406 3658 19.-⁹
1431 3593 1812 3658 novissimum,
1844 3606 1918 3658 13,
1947 3604 1989 3657 5.
2008 3621 2076 3629 -
2092 3589 2135 3624 1⁰
2159 3590 2411 3655 insecuti,
2443 3603 2518 3654 13,

434 3693 477 3747 5.
494 3677 620 3717 —11
643 3680 922 3744 lacessere,
967 3692 1042 3743 13,
1080 3691 1155 3726 11.
1173 3704 1241 3713 —
1258 3675 1301 3709 12
1323 3676 1583 3745 impetus,
1626 3688 1703 3744 19,
1743 3688 1817 3724 11.
1835 3673 1966 3712 —1⁸
1987 3674 2233 3743 instruit,
2276 3686 2352 3739 19,
2388 3671 2434 3721 8.
2451 3699 2517 3708 —

427 3760 472 3799 ²⁴
492 3763 774 3836 citeriuris,
799 3776 848 3836 9,
871 3761 919 3814 6.
