2819 4297
447 294 471 337 1
492 292 573 354 14
1178 271 1308 336 lee
1360 272 1580 336 Gallie
1621 273 1790 338 War.
2300 231 2536 352 [Cassan

438 466 650 525 hostes
680 465 802 526 hfic
831 472 1078 526 nostres
1109 484 1248 525 esse
1279 472 1570 525 ventures
1603 474 1790 525 noctii
1820 465 1884 524 in
1915 465 2103 526 silves
2132 465 2530 542 delituerant3

439 574 570 625 tum
601 564 918 642 disperses
962 564 1262 642 depositis
1294 573 1479 623 armis
1511 565 1574 623 in
1620 566 1909 625 metendo
1939 573 2279 642 occupates
2324 567 2532 629 subite

442 666 657 740 adorti,
690 674 904 742 paucis
950 665 1291 725 interfectis
1335 665 1606 742 reliques
1650 666 1901 726 incertis
1947 666 2269 726 erdinibus
2299 676 2532 745 pertur-

441 765 754 839 beverant,
788 765 965 825 simul
998 766 1275 843 equitetii
1307 776 1492 843 atque
1524 767 1763 826 essedis
1793 766 2344 829 circumdederant.

950 932 1096 974 Mede
1123 932 1175 974 of
1203 932 1439 984 Fighting
1466 932 1590 974 with
1620 932 1746 973 War
1775 932 2018 974 Char-iota.

379 1067 408 1122 5
525 1060 620 1109 33.
680 1052 895 1111 Genus
924 1050 1045 1111 hec
1075 1061 1170 1111 est
1199 1071 1276 1110 ex
1306 1050 1544 1111 essedis
1590 1061 1850 1129 pugnae.
1942 1053 2147 1112 Primo
2191 1071 2301 1129 per
2331 1062 2534 1112 omnis

443 1161 635 1229 partis
675 1152 1065 1229 perequitant
1093 1162 1155 1211 et
1199 1152 1321 1211 tela
1358 1151 1677 1211 coniciunt
1708 1161 1889 1228 atque
1921 1152 2060 1229 ipse
2088 1160 2318 1212 terrere
2349 1160 2535 1229 eque-

442 1272 575 1312 rum
607 1261 667 1312 et
713 1249 1004 1330 strepitu¹
1037 1261 1306 1313 roterum
1347 1252 1595 1312 erdines
1626 1251 1985 1329 plerumque
2016 1253 2379 1329 perturbant
2408 1277 2423 1326 ;
2470 1262 2534 1313 et

445 1372 584 1412 cum
643 1360 710 1412 se
770 1353 928 1412 inter
987 1353 1262 1428 equitum
1333 1361 1568 1412 turmas
1627 1351 2109 1426 insinuaverunt,
2162 1372 2238 1413 ex
2292 1353 2535 1413 essedis

445 1445 738 1513 desiliunt
768 1464 831 1513 et
859 1453 1123 1528 pedibus
1170 1453 1564 1530 proeliantur.
1652 1456 1920 1531 Aurigae
1966 1452 2206 1512 interim
2239 1453 2533 1530 paulatim

353 1569 411 1605 10
447 1573 522 1613 ex
552 1553 786 1630 proelis)
832 1553 1139 1613 excedunt
1183 1562 1367 1629 atque
1416 1554 1503 1612 ita
1535 1563 1747 1613 currus
1784 1554 2113 1614 conlocant
2152 1562 2258 1626 uti,
2293 1562 2345 1613 si
2379 1552 2535 1614 illia

448 1653 840 1713 multitiidine
885 1654 1153 1713 hostium
1197 1663 1568 1731 premantur,
1616 1655 1970 1730 expeditum
2014 1654 2096 1713 ad
2139 1662 2285 1714 sues
2330 1673 2535 1732 recep-

447 1764 577 1814 tum
605 1754 893 1813 habeant.
984 1756 1081 1813 Ita
1132 1753 1537 1814 mebilitetem
1596 1754 1888 1831 equitum,
1923 1754 2318 1815 stabilitatem
2369 1754 2535 1832 pedi-

446 1864 578 1914 tum
646 1854 710 1912 in
773 1854 1024 1931 proeliis
1096 1863 1449 1932 praestant3
1514 1873 1588 1914 ac
1635 1864 1873 1926 tantum
1925 1864 2040 1914 usu
2105 1855 2419 1916 cotidiene
2472 1865 2581 1916 et·

447 1955 886 2016 exercitetiene
943 1955 1216 2015 efficiunt
1276 1964 1365 2014 uti
1433 1955 1497 2013 in
1555 1952 1815 2014 declivi²
1877 1973 1951 2014 ac
2008 1955 2330 2033 praecipiti
2395 1955 2538 2017 loce

353 2068 414 2122 15
449 2055 738 2116 incitates
767 2064 963 2134 eques
1008 2056 1313 2116 sustinere
1358 2065 1421 2115 et
1463 2055 1636 2116 brevi
1688 2056 1992 2116 modereri
2036 2075 2110 2116 ac
2155 2056 2424 2130 flectere,
2474 2066 2538 2116 et

446 2177 558 2235 per
600 2165 908 2218 temenem
951 2177 1304 2235 percurrere
1348 2166 1412 2217 et
1454 2156 1518 2215 in
1562 2156 1708 2235 iuge
1752 2155 2036 2217 insistere
2080 2166 2143 2216 et
2185 2163 2253 2217 se
2296 2156 2442 2217 inde
2473 2156 2537 2216 in

448 2268 659 2318 currus
688 2258 981 2318 citissime
1012 2260 1282 2337 recipere
1313 2256 1688 2319 censuerint.

622 2440 726 2482 The
754 2442 992 2493 Foragers
1021 2442 1255 2483 Rescued.
1313 2441 1475 2493 Large
1504 2441 1748 2482 Numbers
1776 2440 1828 2482 of
1854 2440 2053 2481 Britons
2080 2440 2351 2482 Assemble.

532 2569 627 2618 34.
687 2560 929 2634 Quibus
988 2560 1172 2618 rebus
1237 2561 1609 2638 perturbatis
1666 2567 1893 2619 nostris
1962 2560 2235 2621 nevitete
2292 2569 2544 2638 pugnae

448 2671 723 2738 tempore
753 2660 1271 2738 opportunissime
1304 2663 1535 2721 Caesar
1566 2660 1855 2720 auxilium
1886 2661 2060 2735 tulit;
2107 2679 2372 2737 namque
2402 2660 2543 2721 eius

352 2778 416 2816 20
450 2763 719 2820 adventu
748 2761 959 2820 hostes
991 2761 1417 2834 censtiterunt‚
1452 2770 1647 2820 nostri
1679 2769 1745 2821 se
1794 2781 1870 2821 ex
1904 2764 2122 2823 timere
2153 2767 2536 2837 receperunt.

450 2862 592 2936 Que
620 2863 788 2921 facto
819 2861 898 2920 ad
920 2861 1348 2921 lacessendum
1371 2861 1610 2921 hostem
1630 2872 1691 2921 et
1709 2862 2212 2923 committendum
2236 2860 2537 2938 proelium

450 2959 755 3021 alienum³
798 2981 935 3021 esse
982 2972 1225 3039 tempus
1269 2961 1615 3037 arbitratuS‚
1663 2971 1777 3023 suo
1821 2969 1887 3021 se
1945 2962 2083 3022 loce
2128 2959 2433 3021 continuit
2475 2971 2542 3022 et

447 3063 619 3122 brevi
649 3072 924 3139 ternpore
966 3062 1315 3122 intermisse
1352 3062 1417 3120 in
1460 3072 1662 3121 castra
1706 3062 1980 3140 legienes
2026 3061 2280 3130 reduxit.
2369 3062 2539 3120 Dum

449 3164 602 3224 haec
631 3173 940 3242 geruntur,
973 3172 1199 3223 nostris
1244 3163 1532 3223 omnibus
1578 3171 2031 3241 occupetiS‚qui
2075 3172 2249 3222 erant
2278 3161 2340 3220 in
2375 3170 2540 3239 agris

351 3280 411 3333 25
447 3264 667 3341 reliqui
724 3264 1160 3325 discesserunt.
1252 3265 1510 3323 Secutae
1570 3273 1714 3322 sunt
1771 3260 2143 3323 continues⁴
2205 3261 2540 3340 compluris

448 3366 582 3425 dies
612 3373 1029 3443 tempestateS,
1066 3384 1223 3441 quae
1271 3374 1332 3423 et
1379 3372 1625 3424 nostres
1674 3363 1736 3422 in
1784 3373 2004 3424 castris
2052 3363 2440 3424 continerent
2476 3373 2541 3423 et

448 3467 688 3526 hostem
733 3475 770 3527 εἳ
814 3475 1022 3544 pugna
1065 3465 1481 3541 prohiberent.
1574 3465 1828 3524 Interim
1872 3465 2119 3524 barbari
2177 3462 2428 3523 nunties
2474 3463 2538 3522 in

447 3577 651 3628 omnis
696 3576 890 3645 partis
941 3568 1306 3626 dimiserunt
1343 3564 1840 3642 paucitatemque
1888 3572 2234 3624 nostrerum
2276 3563 2538 3623 militum

515 3717 645 3768 Cf.1
670 3718 924 3784 strepitti,
967 3733 1017 3781 p.
1058 3716 1133 3782 56,
1169 3715 1202 3764 1.
1242 3714 1442 3765 26.—²
1466 3714 1710 3781 declivis,
1746 3714 1828 3774 61,
1863 3712 2030 3778 9.—⁸
2052 3714 2250 3779 aliene,
2294 3726 2368 3778 13,
2404 3711 2540 3762 6.—

443 3801 469 3835 *
492 3802 796 3867 continues,
822 3815 903 3861 42,
930 3814 1008 3864 27·
