<?xml version="1.0" encoding="UTF-8"?>
<!DOCTYPE html PUBLIC "-//W3C//DTD XHTML 1.0 Transitional//EN"
    "http://www.w3.org/TR/xhtml1/DTD/xhtml1-transitional.dtd">
<html xmlns="http://www.w3.org/1999/xhtml" xml:lang="en" lang="en">
 <head>
  <title>
</title>
<meta http-equiv="Content-Type" content="text/html;charset=utf-8" />
  <meta name='ocr-system' content='tesseract 3.04.00' />
  <meta name='ocr-capabilities' content='ocr_page ocr_carea ocr_par ocr_line ocrx_word'/>
</head>
<body>
  <div class='ocr_page' id='page_1' title='image "./caesarsgallicwa02greegoog_0350.png"; bbox 0 0 2819 4297; ppageno 0'>
   <div class='ocr_carea' id='block_1_1' title="bbox 434 237 2564 347">
    <p class='ocr_par' dir='ltr' id='par_1_1' title="bbox 434 237 2564 347">
     <span class='ocr_line' id='line_1_1' title="bbox 434 237 2564 347; baseline 0 -17"><span class='ocrx_word' id='word_1_1' title='bbox 434 283 567 331; x_wconf 89' lang='lat'>210</span> <span class='ocrx_word' id='word_1_2' title='bbox 1176 269 1309 331; x_wconf 75' lang='lat' dir='ltr'>lee</span> <span class='ocrx_word' id='word_1_3' title='bbox 1361 268 1582 331; x_wconf 67' lang='lat' dir='ltr'>Gallie</span> <span class='ocrx_word' id='word_1_4' title='bbox 1629 269 1794 332; x_wconf 80' lang='lat' dir='ltr'>War.</span> <span class='ocrx_word' id='word_1_5' title='bbox 2292 281 2527 347; x_wconf 46' lang='lat' dir='ltr'>[esem</span> <span class='ocrx_word' id='word_1_6' title='bbox 2545 237 2564 248; x_wconf 71' lang='grc'><strong><em>”</em></strong></span> 
     </span>
    </p>
   </div>
   <div class='ocr_carea' id='block_1_2' title="bbox 432 457 2527 841">
    <p class='ocr_par' dir='ltr' id='par_1_2' title="bbox 432 457 2527 841">
     <span class='ocr_line' id='line_1_2' title="bbox 439 457 2527 537; baseline 0.004 -23"><span class='ocrx_word' id='word_1_7' title='bbox 439 457 501 515; x_wconf 88' lang='lat' dir='ltr'>in</span> <span class='ocrx_word' id='word_1_8' title='bbox 523 460 834 516; x_wconf 89' lang='lat' dir='ltr'>Arvernos</span> <span class='ocrx_word' id='word_1_9' title='bbox 861 459 938 517; x_wconf 90' lang='lat' dir='ltr'>ad</span> <span class='ocrx_word' id='word_1_10' title='bbox 962 459 1257 534; x_wconf 92' lang='lat' dir='ltr'>oppidum</span> <span class='ocrx_word' id='word_1_11' title='bbox 1280 459 1652 537; x_wconf 88' lang='lat' dir='ltr'>Gergoviam</span> <span class='ocrx_word' id='word_1_12' title='bbox 1684 461 2023 520; x_wconf 91' lang='lat' dir='ltr'>secundum</span> <span class='ocrx_word' id='word_1_13' title='bbox 2043 461 2271 521; x_wconf 76' lang='lat' dir='ltr'>flumen</span> <span class='ocrx_word' id='word_1_14' title='bbox 2304 462 2527 522; x_wconf 87' lang='lat' dir='ltr'>Elaver</span> 
     </span>
     <span class='ocr_line' id='line_1_3' title="bbox 433 557 2523 639; baseline 0.004 -24"><span class='ocrx_word' id='word_1_15' title='bbox 433 557 634 631; x_wconf 75' lang='lat' dir='ltr'>duxit3</span> <span class='ocrx_word' id='word_1_16' title='bbox 682 559 993 635; x_wconf 73' lang='lat' dir='ltr'>equitatus</span> <span class='ocrx_word' id='word_1_17' title='bbox 1036 568 1272 636; x_wconf 88' lang='lat' dir='ltr'>partem</span> <span class='ocrx_word' id='word_1_18' title='bbox 1316 559 1405 617; x_wconf 89' lang='lat' dir='ltr'>illi</span> <span class='ocrx_word' id='word_1_19' title='bbox 1452 560 1746 632; x_wconf 88' lang='lat' dir='ltr'>attribuit,</span> <span class='ocrx_word' id='word_1_20' title='bbox 1795 571 2032 638; x_wconf 90' lang='lat' dir='ltr'>partem</span> <span class='ocrx_word' id='word_1_21' title='bbox 2078 562 2198 621; x_wconf 94' lang='lat' dir='ltr'>sibi</span> <span class='ocrx_word' id='word_1_22' title='bbox 2258 562 2523 639; x_wconf 91' lang='lat' dir='ltr'>reliquit.</span> 
     </span>
     <span class='ocr_line' id='line_1_4' title="bbox 435 658 2527 739; baseline 0.004 -24"><span class='ocrx_word' id='word_1_23' title='bbox 435 658 574 732; x_wconf 77' lang='lat' dir='ltr'>Qua</span> <span class='ocrx_word' id='word_1_24' title='bbox 630 666 695 717; x_wconf 92' lang='lat' dir='ltr'>re</span> <span class='ocrx_word' id='word_1_25' title='bbox 753 659 1002 736; x_wconf 73' lang='lat' dir='ltr'>cognita</span> <span class='ocrx_word' id='word_1_26' title='bbox 1055 659 1542 737; x_wconf 85' lang='lat' dir='ltr'>Vercingetorix,</span> <span class='ocrx_word' id='word_1_27' title='bbox 1591 661 1877 721; x_wconf 91' lang='lat' dir='ltr'>omnibus</span> <span class='ocrx_word' id='word_1_28' title='bbox 1937 658 2331 739; x_wconf 88' lang='lat' dir='ltr'>interruptis¹</span> <span class='ocrx_word' id='word_1_29' title='bbox 2390 662 2527 723; x_wconf 90' lang='lat' dir='ltr'>eius</span> 
     </span>
     <span class='ocr_line' id='line_1_5' title="bbox 432 757 2524 841; baseline 0.004 -26"><span class='ocrx_word' id='word_1_30' title='bbox 432 757 699 816; x_wconf 78' lang='lat' dir='ltr'>fluminis</span> <span class='ocrx_word' id='word_1_31' title='bbox 730 760 1040 836; x_wconf 92' lang='lat' dir='ltr'>pontibus,</span> <span class='ocrx_word' id='word_1_32' title='bbox 1076 760 1155 818; x_wconf 92' lang='lat' dir='ltr'>ab</span> <span class='ocrx_word' id='word_1_33' title='bbox 1188 760 1382 820; x_wconf 77' lang='lat' dir='ltr'>altera</span> <span class='ocrx_word' id='word_1_34' title='bbox 1411 760 1683 820; x_wconf 76' lang='lat' dir='ltr'>fluminis</span> <span class='ocrx_word' id='word_1_35' title='bbox 1712 772 1887 840; x_wconf 87' lang='lat' dir='ltr'>parte</span> <span class='ocrx_word' id='word_1_36' title='bbox 1917 762 2031 822; x_wconf 92' lang='lat' dir='ltr'>iter</span> <span class='ocrx_word' id='word_1_37' title='bbox 2058 763 2264 822; x_wconf 80' lang='lat' dir='ltr'>facere</span> <span class='ocrx_word' id='word_1_38' title='bbox 2295 764 2524 841; x_wconf 90' lang='lat' dir='ltr'>coepit.</span> 
     </span>
    </p>
   </div>
   <div class='ocr_carea' id='block_1_3' title="bbox 883 940 2049 995">
    <p class='ocr_par' dir='ltr' id='par_1_3' title="bbox 883 940 2049 995">
     <span class='ocr_line' id='line_1_6' title="bbox 883 940 2049 995; baseline 0.003 -14"><span class='ocrx_word' id='word_1_39' title='bbox 883 940 960 982; x_wconf 80' lang='lat' dir='ltr'>He</span> <span class='ocrx_word' id='word_1_40' title='bbox 988 942 1229 983; x_wconf 73' lang='lat' dir='ltr'>succeeds</span> <span class='ocrx_word' id='word_1_41' title='bbox 1256 943 1306 983; x_wconf 85' lang='lat' dir='ltr'>in</span> <span class='ocrx_word' id='word_1_42' title='bbox 1335 942 1571 995; x_wconf 70' lang='lat' dir='ltr'>crossing</span> <span class='ocrx_word' id='word_1_43' title='bbox 1596 944 1683 985; x_wconf 80' lang='lat' dir='ltr'>the</span> <span class='ocrx_word' id='word_1_44' title='bbox 1708 944 1860 985; x_wconf 74' lang='lat' dir='ltr'>Allien·</span> <span class='ocrx_word' id='word_1_45' title='bbox 1885 945 2049 986; x_wconf 83' lang='lat' dir='ltr'>River.</span> 
     </span>
    </p>
   </div>
   <div class='ocr_carea' id='block_1_4' title="bbox 333 1059 2526 2928">
    <p class='ocr_par' dir='ltr' id='par_1_4' title="bbox 369 1059 2526 1539">
     <span class='ocr_line' id='line_1_7' title="bbox 369 1059 2524 1141; baseline 0.001 -20"><span class='ocrx_word' id='word_1_46' title='bbox 369 1068 396 1121; x_wconf 90' lang='grc'>5</span> <span class='ocrx_word' id='word_1_47' title='bbox 514 1067 608 1117; x_wconf 81' lang='grc'>35.</span> <span class='ocrx_word' id='word_1_48' title='bbox 671 1060 828 1120; x_wconf 93' lang='lat' dir='ltr'>Cum</span> <span class='ocrx_word' id='word_1_49' title='bbox 860 1068 1115 1135; x_wconf 88' lang='lat' dir='ltr'>uterque</span> <span class='ocrx_word' id='word_1_50' title='bbox 1148 1059 1456 1137; x_wconf 86' lang='lat' dir='ltr'>utrimque</span> <span class='ocrx_word' id='word_1_51' title='bbox 1488 1070 1717 1121; x_wconf 86' lang='lat' dir='ltr'>exisset</span> <span class='ocrx_word' id='word_1_52' title='bbox 1745 1062 2064 1135; x_wconf 80' lang='lat' dir='ltr'>exercituS,</span> <span class='ocrx_word' id='word_1_53' title='bbox 2092 1062 2154 1121; x_wconf 92' lang='lat' dir='ltr'>in</span> <span class='ocrx_word' id='word_1_54' title='bbox 2180 1071 2524 1141; x_wconf 74' lang='lat' dir='ltr'>conspectu</span> 
     </span>
     <span class='ocr_line' id='line_1_8' title="bbox 429 1157 2526 1241; baseline 0.002 -23"><span class='ocrx_word' id='word_1_55' title='bbox 429 1161 684 1237; x_wconf 77' lang='lat' dir='ltr'>fereque</span> <span class='ocrx_word' id='word_1_56' title='bbox 741 1157 819 1219; x_wconf 81' lang='lat' dir='ltr'>²e</span> <span class='ocrx_word' id='word_1_57' title='bbox 877 1160 1128 1237; x_wconf 90' lang='lat' dir='ltr'>regione</span> <span class='ocrx_word' id='word_1_58' title='bbox 1187 1169 1409 1220; x_wconf 88' lang='lat' dir='ltr'>castris</span> <span class='ocrx_word' id='word_1_59' title='bbox 1468 1171 1669 1220; x_wconf 89' lang='lat' dir='ltr'>castra</span> <span class='ocrx_word' id='word_1_60' title='bbox 1740 1163 2072 1237; x_wconf 89' lang='lat' dir='ltr'>ponebant.</span> <span class='ocrx_word' id='word_1_61' title='bbox 2187 1163 2526 1241; x_wconf 86' lang='lat' dir='ltr'>Dispositis</span> 
     </span>
     <span class='ocr_line' id='line_1_9' title="bbox 431 1260 2526 1338; baseline 0.001 -17"><span class='ocrx_word' id='word_1_62' title='bbox 431 1260 937 1338; x_wconf 77' lang='lat' dir='ltr'>exploratoribus,</span> <span class='ocrx_word' id='word_1_63' title='bbox 982 1260 1209 1321; x_wconf 91' lang='lat' dir='ltr'>necubi</span> <span class='ocrx_word' id='word_1_64' title='bbox 1254 1261 1479 1320; x_wconf 84' lang='lat' dir='ltr'>effecto</span> <span class='ocrx_word' id='word_1_65' title='bbox 1524 1272 1714 1337; x_wconf 91' lang='lat' dir='ltr'>ponte</span> <span class='ocrx_word' id='word_1_66' title='bbox 1763 1264 2030 1321; x_wconf 72' lang='lat' dir='ltr'>Romani</span> <span class='ocrx_word' id='word_1_67' title='bbox 2077 1263 2288 1338; x_wconf 71' lang='lat' dir='ltr'>copias</span> <span class='ocrx_word' id='word_1_68' title='bbox 2320 1265 2526 1324; x_wconf 76' lang='lat' dir='ltr'>tradu-</span> 
     </span>
     <span class='ocr_line' id='line_1_10' title="bbox 431 1360 2523 1438; baseline 0.001 -17"><span class='ocrx_word' id='word_1_69' title='bbox 431 1371 657 1435; x_wconf 88' lang='lat' dir='ltr'>cerent,</span> <span class='ocrx_word' id='word_1_70' title='bbox 691 1370 821 1421; x_wconf 88' lang='lat' dir='ltr'>erat</span> <span class='ocrx_word' id='word_1_71' title='bbox 851 1361 911 1419; x_wconf 90' lang='lat' dir='ltr'>in</span> <span class='ocrx_word' id='word_1_72' title='bbox 939 1369 1180 1438; x_wconf 72' lang='lat' dir='ltr'>magnis</span> <span class='ocrx_word' id='word_1_73' title='bbox 1213 1360 1469 1421; x_wconf 86' lang='lat' dir='ltr'>Caesari</span> <span class='ocrx_word' id='word_1_74' title='bbox 1500 1361 1965 1421; x_wconf 58' lang='lat' dir='ltr'>difficultatibus</span> <span class='ocrx_word' id='word_1_75' title='bbox 1990 1369 2086 1421; x_wconf 92' lang='lat' dir='ltr'>res</span> <span class='ocrx_word' id='word_1_76' title='bbox 2117 1370 2196 1432; x_wconf 85' lang='lat' dir='ltr'>ne</span> <span class='ocrx_word' id='word_1_77' title='bbox 2225 1363 2523 1423; x_wconf 76' lang='lat' dir='ltr'>maiorem</span> 
     </span>
     <span class='ocr_line' id='line_1_11' title="bbox 432 1461 2524 1539; baseline 0.002 -20"><span class='ocrx_word' id='word_1_78' title='bbox 432 1462 684 1520; x_wconf 74' lang='lat' dir='ltr'>aestatis</span> <span class='ocrx_word' id='word_1_79' title='bbox 727 1471 965 1538; x_wconf 87' lang='lat' dir='ltr'>partem</span> <span class='ocrx_word' id='word_1_80' title='bbox 1011 1461 1263 1520; x_wconf 77' lang='lat' dir='ltr'>flumine</span> <span class='ocrx_word' id='word_1_81' title='bbox 1311 1461 1745 1539; x_wconf 87' lang='lat' dir='ltr'>impediretur;</span> <span class='ocrx_word' id='word_1_82' title='bbox 1792 1462 1960 1538; x_wconf 92' lang='lat' dir='ltr'>quod</span> <span class='ocrx_word' id='word_1_83' title='bbox 2012 1470 2138 1521; x_wconf 91' lang='lat' dir='ltr'>non</span> <span class='ocrx_word' id='word_1_84' title='bbox 2187 1463 2319 1523; x_wconf 84' lang='lat' dir='ltr'>fere</span> <span class='ocrx_word' id='word_1_85' title='bbox 2378 1474 2524 1523; x_wconf 88' lang='lat' dir='ltr'>ante</span> 
     </span>
    </p>

    <p class='ocr_par' dir='ltr' id='par_1_5' title="bbox 339 1561 2525 2040">
     <span class='ocr_line' id='line_1_12' title="bbox 339 1561 2525 1638; baseline 0.002 -19"><span class='ocrx_word' id='word_1_86' title='bbox 339 1576 395 1611; x_wconf 88' lang='lat'>¹0</span> <span class='ocrx_word' id='word_1_87' title='bbox 432 1571 788 1620; x_wconf 89' lang='lat' dir='ltr'>autumnum</span> <span class='ocrx_word' id='word_1_88' title='bbox 830 1562 1047 1621; x_wconf 90' lang='lat' dir='ltr'>Elaver</span> <span class='ocrx_word' id='word_1_89' title='bbox 1088 1561 1252 1620; x_wconf 90' lang='lat' dir='ltr'>vado</span> <span class='ocrx_word' id='word_1_90' title='bbox 1295 1569 1543 1621; x_wconf 58' lang='lat' dir='ltr'>transiri</span> <span class='ocrx_word' id='word_1_91' title='bbox 1589 1562 1763 1621; x_wconf 92' lang='lat' dir='ltr'>solet.</span> <span class='ocrx_word' id='word_1_92' title='bbox 1854 1564 2094 1638; x_wconf 88' lang='lat' dir='ltr'>Itaque,</span> <span class='ocrx_word' id='word_1_93' title='bbox 2138 1570 2216 1621; x_wconf 92' lang='lat' dir='ltr'>ne</span> <span class='ocrx_word' id='word_1_94' title='bbox 2260 1563 2324 1621; x_wconf 92' lang='lat' dir='ltr'>id</span> <span class='ocrx_word' id='word_1_95' title='bbox 2369 1565 2525 1623; x_wconf 90' lang='lat' dir='ltr'>acci·</span> 
     </span>
     <span class='ocr_line' id='line_1_13' title="bbox 431 1658 2522 1740; baseline 0.001 -20"><span class='ocrx_word' id='word_1_96' title='bbox 431 1662 618 1733; x_wconf 88' lang='lat' dir='ltr'>deret,</span> <span class='ocrx_word' id='word_1_97' title='bbox 667 1662 932 1721; x_wconf 90' lang='lat' dir='ltr'>silvestri</span> <span class='ocrx_word' id='word_1_98' title='bbox 976 1661 1114 1720; x_wconf 94' lang='lat' dir='ltr'>loco</span> <span class='ocrx_word' id='word_1_99' title='bbox 1159 1670 1379 1721; x_wconf 89' lang='lat' dir='ltr'>castris</span> <span class='ocrx_word' id='word_1_100' title='bbox 1425 1658 1692 1739; x_wconf 79' lang='lat' dir='ltr'>positiS‚³</span> <span class='ocrx_word' id='word_1_101' title='bbox 1719 1669 1754 1721; x_wconf 91' lang='lat' dir='ltr'>e</span> <span class='ocrx_word' id='word_1_102' title='bbox 1800 1662 2053 1740; x_wconf 88' lang='lat' dir='ltr'>regione</span> <span class='ocrx_word' id='word_1_103' title='bbox 2097 1672 2278 1723; x_wconf 80' lang='lat' dir='ltr'>unius</span> <span class='ocrx_word' id='word_1_104' title='bbox 2308 1672 2522 1724; x_wconf 89' lang='lat' dir='ltr'>eorum</span> 
     </span>
     <span class='ocr_line' id='line_1_14' title="bbox 431 1761 2523 1841; baseline 0.002 -22"><span class='ocrx_word' id='word_1_105' title='bbox 431 1761 710 1839; x_wconf 91' lang='lat' dir='ltr'>pontium</span> <span class='ocrx_word' id='word_1_106' title='bbox 742 1769 897 1838; x_wconf 92' lang='lat' dir='ltr'>quos</span> <span class='ocrx_word' id='word_1_107' title='bbox 928 1761 1396 1839; x_wconf 74' lang='lat' dir='ltr'>Vercingetorix</span> <span class='ocrx_word' id='word_1_108' title='bbox 1429 1762 1873 1822; x_wconf 91' lang='lat' dir='ltr'>rescindendos</span> <span class='ocrx_word' id='word_1_109' title='bbox 1904 1772 2239 1838; x_wconf 60' lang='lat' dir='ltr'>curaverat,</span> <span class='ocrx_word' id='word_1_110' title='bbox 2272 1773 2523 1841; x_wconf 90' lang='lat' dir='ltr'>postero</span> 
     </span>
     <span class='ocr_line' id='line_1_15' title="bbox 431 1861 2521 1941; baseline 0.002 -20"><span class='ocrx_word' id='word_1_111' title='bbox 431 1863 531 1921; x_wconf 90' lang='lat' dir='ltr'>die</span> <span class='ocrx_word' id='word_1_112' title='bbox 590 1881 728 1921; x_wconf 93' lang='lat' dir='ltr'>cum</span> <span class='ocrx_word' id='word_1_113' title='bbox 785 1862 1029 1922; x_wconf 74' lang='lat' dir='ltr'>duabus</span> <span class='ocrx_word' id='word_1_114' title='bbox 1087 1862 1436 1938; x_wconf 77' lang='lat' dir='ltr'>legionibus</span> <span class='ocrx_word' id='word_1_115' title='bbox 1495 1862 1556 1921; x_wconf 92' lang='lat' dir='ltr'>in</span> <span class='ocrx_word' id='word_1_116' title='bbox 1616 1864 1862 1923; x_wconf 91' lang='lat' dir='ltr'>occulto</span> <span class='ocrx_word' id='word_1_117' title='bbox 1912 1861 2203 1937; x_wconf 80' lang='lat' dir='ltr'>restitit⁴;</span> <span class='ocrx_word' id='word_1_118' title='bbox 2249 1864 2521 1941; x_wconf 75' lang='lat' dir='ltr'>reliquas</span> 
     </span>
     <span class='ocr_line' id='line_1_16' title="bbox 430 1962 2521 2040; baseline 0.001 -18"><span class='ocrx_word' id='word_1_119' title='bbox 430 1963 642 2039; x_wconf 71' lang='lat' dir='ltr'>copies</span> <span class='ocrx_word' id='word_1_120' title='bbox 672 1982 810 2023; x_wconf 89' lang='lat' dir='ltr'>cum</span> <span class='ocrx_word' id='word_1_121' title='bbox 851 1962 1138 2023; x_wconf 91' lang='lat' dir='ltr'>omnibus</span> <span class='ocrx_word' id='word_1_122' title='bbox 1184 1963 1663 2040; x_wconf 85' lang='lat' dir='ltr'>impedimentiS‚</span> <span class='ocrx_word' id='word_1_123' title='bbox 1696 1972 1764 2022; x_wconf 93' lang='lat' dir='ltr'>ut</span> <span class='ocrx_word' id='word_1_124' title='bbox 1803 1971 2147 2034; x_wconf 90' lang='lat' dir='ltr'>consuerat,</span> <span class='ocrx_word' id='word_1_125' title='bbox 2187 1965 2367 2037; x_wconf 90' lang='lat' dir='ltr'>misit,</span> <span class='ocrx_word' id='word_1_126' title='bbox 2402 1966 2521 2025; x_wconf 91' lang='lat' dir='ltr'>dis-</span> 
     </span>
    </p>

    <p class='ocr_par' dir='ltr' id='par_1_6' title="bbox 336 2063 2523 2545">
     <span class='ocr_line' id='line_1_17' title="bbox 336 2063 2521 2142; baseline 0 -19"><span class='ocrx_word' id='word_1_127' title='bbox 336 2075 392 2129; x_wconf 80' lang='lat'>15</span> <span class='ocrx_word' id='word_1_128' title='bbox 430 2073 642 2124; x_wconf 74' lang='lat' dir='ltr'>tractis</span> <span class='ocrx_word' id='word_1_129' title='bbox 687 2065 1058 2141; x_wconf 91' lang='lat' dir='ltr'>quibusdam</span> <span class='ocrx_word' id='word_1_130' title='bbox 1103 2063 1481 2135; x_wconf 83' lang='lat' dir='ltr'>cohortibuS,</span> <span class='ocrx_word' id='word_1_131' title='bbox 1543 2073 1610 2121; x_wconf 88' lang='lat' dir='ltr'>ut</span> <span class='ocrx_word' id='word_1_132' title='bbox 1660 2083 1953 2123; x_wconf 91' lang='lat' dir='ltr'>numerus</span> <span class='ocrx_word' id='word_1_133' title='bbox 2010 2064 2320 2142; x_wconf 89' lang='lat' dir='ltr'>legionum</span> <span class='ocrx_word' id='word_1_134' title='bbox 2379 2073 2521 2125; x_wconf 92' lang='lat' dir='ltr'>con-</span> 
     </span>
     <span class='ocr_line' id='line_1_18' title="bbox 430 2164 2521 2243; baseline 0 -18"><span class='ocrx_word' id='word_1_135' title='bbox 430 2164 632 2225; x_wconf 67' lang='lat' dir='ltr'>stere⁶</span> <span class='ocrx_word' id='word_1_136' title='bbox 674 2166 996 2226; x_wconf 87' lang='lat' dir='ltr'>videretur.</span> <span class='ocrx_word' id='word_1_137' title='bbox 1087 2167 1209 2224; x_wconf 89' lang='lat' dir='ltr'>His</span> <span class='ocrx_word' id='word_1_138' title='bbox 1255 2184 1440 2241; x_wconf 91' lang='lat' dir='ltr'>quam</span> <span class='ocrx_word' id='word_1_139' title='bbox 1500 2164 1858 2242; x_wconf 74' lang='lat' dir='ltr'>longissime</span> <span class='ocrx_word' id='word_1_140' title='bbox 1916 2176 2174 2240; x_wconf 91' lang='lat' dir='ltr'>possent</span> <span class='ocrx_word' id='word_1_141' title='bbox 2230 2168 2521 2243; x_wconf 79' lang='lat' dir='ltr'>progredi</span> 
     </span>
     <span class='ocr_line' id='line_1_19' title="bbox 430 2265 2522 2342; baseline 0 -16"><span class='ocrx_word' id='word_1_142' title='bbox 430 2269 628 2340; x_wconf 77' lang='lat' dir='ltr'>iussiS,</span> <span class='ocrx_word' id='word_1_143' title='bbox 673 2285 812 2326; x_wconf 92' lang='lat' dir='ltr'>cum</span> <span class='ocrx_word' id='word_1_144' title='bbox 871 2266 993 2325; x_wconf 89' lang='lat' dir='ltr'>iam</span> <span class='ocrx_word' id='word_1_145' title='bbox 1050 2285 1125 2325; x_wconf 90' lang='lat' dir='ltr'>ex</span> <span class='ocrx_word' id='word_1_146' title='bbox 1184 2265 1306 2325; x_wconf 87' lang='lat' dir='ltr'>diei</span> <span class='ocrx_word' id='word_1_147' title='bbox 1364 2274 1643 2342; x_wconf 89' lang='lat' dir='ltr'>tempore</span> <span class='ocrx_word' id='word_1_148' title='bbox 1701 2265 2117 2325; x_wconf 81' lang='lat' dir='ltr'>coniecturam</span> <span class='ocrx_word' id='word_1_149' title='bbox 2162 2276 2412 2342; x_wconf 90' lang='lat' dir='ltr'>caperet</span> <span class='ocrx_word' id='word_1_150' title='bbox 2456 2267 2522 2326; x_wconf 91' lang='lat' dir='ltr'>in</span> 
     </span>
     <span class='ocr_line' id='line_1_20' title="bbox 429 2364 2523 2444; baseline -0.001 -18"><span class='ocrx_word' id='word_1_151' title='bbox 429 2378 629 2427; x_wconf 89' lang='lat' dir='ltr'>castra</span> <span class='ocrx_word' id='word_1_152' title='bbox 689 2377 1066 2444; x_wconf 87' lang='lat' dir='ltr'>perventum,</span> <span class='ocrx_word' id='word_1_153' title='bbox 1129 2366 1325 2425; x_wconf 88' lang='lat' dir='ltr'>isdem</span> <span class='ocrx_word' id='word_1_154' title='bbox 1386 2365 1661 2439; x_wconf 89' lang='lat' dir='ltr'>sublicis,</span> <span class='ocrx_word' id='word_1_155' title='bbox 1724 2373 1978 2442; x_wconf 71' lang='lat' dir='ltr'>quarum</span> <span class='ocrx_word' id='word_1_156' title='bbox 2038 2385 2181 2442; x_wconf 90' lang='lat' dir='ltr'>pars</span> <span class='ocrx_word' id='word_1_157' title='bbox 2234 2364 2523 2426; x_wconf 82' lang='lat' dir='ltr'>inferior⁶</span> 
     </span>
     <span class='ocr_line' id='line_1_21' title="bbox 429 2462 2521 2545; baseline 0.001 -21"><span class='ocrx_word' id='word_1_158' title='bbox 429 2467 668 2545; x_wconf 89' lang='lat' dir='ltr'>integra</span> <span class='ocrx_word' id='word_1_159' title='bbox 691 2468 1067 2538; x_wconf 73' lang='lat' dir='ltr'>remanebat,</span> <span class='ocrx_word' id='word_1_160' title='bbox 1089 2475 1340 2544; x_wconf 89' lang='lat' dir='ltr'>pontem</span> <span class='ocrx_word' id='word_1_161' title='bbox 1361 2467 1612 2525; x_wconf 89' lang='lat' dir='ltr'>reficere</span> <span class='ocrx_word' id='word_1_162' title='bbox 1632 2462 1881 2543; x_wconf 53' lang='lat' dir='ltr'>coepit!</span> <span class='ocrx_word' id='word_1_163' title='bbox 1968 2465 2264 2526; x_wconf 89' lang='lat' dir='ltr'>Celeriter</span> <span class='ocrx_word' id='word_1_164' title='bbox 2293 2466 2521 2527; x_wconf 88' lang='lat' dir='ltr'>effecto</span> 
     </span>
    </p>

    <p class='ocr_par' dir='ltr' id='par_1_7' title="bbox 333 2561 2522 2928">
     <span class='ocr_line' id='line_1_22' title="bbox 333 2561 2517 2645; baseline 0 -19"><span class='ocrx_word' id='word_1_165' title='bbox 333 2577 393 2611; x_wconf 88' lang='lat'>20</span> <span class='ocrx_word' id='word_1_166' title='bbox 429 2587 613 2645; x_wconf 88' lang='lat' dir='ltr'>opere</span> <span class='ocrx_word' id='word_1_167' title='bbox 645 2567 1114 2645; x_wconf 79' lang='lat' dir='ltr'>legionibusque</span> <span class='ocrx_word' id='word_1_168' title='bbox 1145 2567 1446 2626; x_wconf 74' lang='lat' dir='ltr'>traductis</span> <span class='ocrx_word' id='word_1_169' title='bbox 1470 2576 1532 2625; x_wconf 91' lang='lat' dir='ltr'>et</span> <span class='ocrx_word' id='word_1_170' title='bbox 1551 2567 1690 2626; x_wconf 92' lang='lat' dir='ltr'>loco</span> <span class='ocrx_word' id='word_1_171' title='bbox 1720 2574 1940 2626; x_wconf 88' lang='lat' dir='ltr'>castris</span> <span class='ocrx_word' id='word_1_172' title='bbox 1964 2561 2233 2626; x_wconf 82' lang='lat' dir='ltr'>idoneo⁸</span> <span class='ocrx_word' id='word_1_173' title='bbox 2256 2567 2517 2639; x_wconf 89' lang='lat' dir='ltr'>delecto,</span> 
     </span>
     <span class='ocr_line' id='line_1_23' title="bbox 429 2665 2522 2744; baseline 0 -19"><span class='ocrx_word' id='word_1_174' title='bbox 429 2667 697 2744; x_wconf 69' lang='lat' dir='ltr'>reliquas</span> <span class='ocrx_word' id='word_1_175' title='bbox 755 2666 968 2744; x_wconf 72' lang='lat' dir='ltr'>copias</span> <span class='ocrx_word' id='word_1_176' title='bbox 1025 2667 1354 2727; x_wconf 60' lang='lat' dir='ltr'>revocavit.</span> <span class='ocrx_word' id='word_1_177' title='bbox 1466 2665 1936 2744; x_wconf 85' lang='lat' dir='ltr'>Vercingetorix</span> <span class='ocrx_word' id='word_1_178' title='bbox 1993 2673 2057 2725; x_wconf 92' lang='lat' dir='ltr'>re</span> <span class='ocrx_word' id='word_1_179' title='bbox 2115 2665 2380 2744; x_wconf 73' lang='lat' dir='ltr'>cognita,</span> <span class='ocrx_word' id='word_1_180' title='bbox 2441 2675 2522 2726; x_wconf 92' lang='lat' dir='ltr'>ne</span> 
     </span>
     <span class='ocr_line' id='line_1_24' title="bbox 429 2765 2522 2844; baseline -0.002 -16"><span class='ocrx_word' id='word_1_181' title='bbox 429 2776 642 2828; x_wconf 67' lang='lat' dir='ltr'>contre.</span> <span class='ocrx_word' id='word_1_182' title='bbox 673 2787 847 2827; x_wconf 91' lang='lat' dir='ltr'>suam</span> <span class='ocrx_word' id='word_1_183' title='bbox 889 2768 1269 2827; x_wconf 59' lang='lat' dir='ltr'>voluntatem</span> <span class='ocrx_word' id='word_1_184' title='bbox 1314 2766 1606 2826; x_wconf 75' lang='lat' dir='ltr'>dimicare</span> <span class='ocrx_word' id='word_1_185' title='bbox 1652 2773 1989 2844; x_wconf 89' lang='lat' dir='ltr'>cogeretur,</span> <span class='ocrx_word' id='word_1_186' title='bbox 2023 2774 2265 2844; x_wconf 73' lang='lat' dir='ltr'>magnis</span> <span class='ocrx_word' id='word_1_187' title='bbox 2297 2765 2522 2825; x_wconf 88' lang='lat' dir='ltr'>itineri-</span> 
     </span>
     <span class='ocr_line' id='line_1_25' title="bbox 427 2867 938 2928; baseline 0 -1"><span class='ocrx_word' id='word_1_188' title='bbox 427 2867 545 2927; x_wconf 92' lang='lat' dir='ltr'>bus</span> <span class='ocrx_word' id='word_1_189' title='bbox 588 2867 938 2928; x_wconf 88' lang='lat' dir='ltr'>antecessit.</span> 
     </span>
    </p>
   </div>
   <div class='ocr_carea' id='block_1_5' title="bbox 528 3048 2434 3101">
    <p class='ocr_par' dir='ltr' id='par_1_8' title="bbox 528 3048 2434 3101">
     <span class='ocr_line' id='line_1_26' title="bbox 528 3048 2434 3101; baseline -0.002 -10"><span class='ocrx_word' id='word_1_190' title='bbox 528 3050 593 3091; x_wconf 73' lang='lat' dir='ltr'>At</span> <span class='ocrx_word' id='word_1_191' title='bbox 621 3050 862 3101; x_wconf 76' lang='lat' dir='ltr'>Gergovia</span> <span class='ocrx_word' id='word_1_192' title='bbox 890 3050 952 3091; x_wconf 81' lang='lat' dir='ltr'>he</span> <span class='ocrx_word' id='word_1_193' title='bbox 979 3049 1130 3092; x_wconf 80' lang='lat' dir='ltr'>Gaius</span> <span class='ocrx_word' id='word_1_194' title='bbox 1157 3060 1220 3090; x_wconf 79' lang='lat' dir='ltr'>an</span> <span class='ocrx_word' id='word_1_195' title='bbox 1247 3049 1543 3099; x_wconf 60' lang='lat' dir='ltr'>advantage</span> <span class='ocrx_word' id='word_1_196' title='bbox 1570 3048 1622 3089; x_wconf 75' lang='lat' dir='ltr'>of</span> <span class='ocrx_word' id='word_1_197' title='bbox 1651 3048 1873 3089; x_wconf 80' lang='lat' dir='ltr'>Positiou</span> <span class='ocrx_word' id='word_1_198' title='bbox 1902 3059 2019 3089; x_wconf 82' lang='lat' dir='ltr'>over</span> <span class='ocrx_word' id='word_1_199' title='bbox 2045 3048 2434 3099; x_wconf 81' lang='lat' dir='ltr'>Vercingetorix.</span> 
     </span>
    </p>
   </div>
   <div class='ocr_carea' id='block_1_6' title="bbox 337 3163 2527 3546">
    <p class='ocr_par' dir='ltr' id='par_1_9' title="bbox 542 3163 2522 3243">
     <span class='ocr_line' id='line_1_27' title="bbox 542 3163 2522 3243; baseline 0 -17"><span class='ocrx_word' id='word_1_200' title='bbox 542 3177 636 3227; x_wconf 85' lang='grc'>36.</span> <span class='ocrx_word' id='word_1_201' title='bbox 698 3171 931 3228; x_wconf 88' lang='lat' dir='ltr'>Caesar</span> <span class='ocrx_word' id='word_1_202' title='bbox 975 3187 1051 3226; x_wconf 91' lang='lat' dir='ltr'>ex</span> <span class='ocrx_word' id='word_1_203' title='bbox 1094 3174 1169 3227; x_wconf 92' lang='lat' dir='ltr'>eo</span> <span class='ocrx_word' id='word_1_204' title='bbox 1214 3167 1351 3227; x_wconf 92' lang='lat' dir='ltr'>loco</span> <span class='ocrx_word' id='word_1_205' title='bbox 1394 3163 1668 3242; x_wconf 82' lang='lat' dir='ltr'>⁹quintis</span> <span class='ocrx_word' id='word_1_206' title='bbox 1713 3176 1935 3225; x_wconf 87' lang='lat' dir='ltr'>castris</span> <span class='ocrx_word' id='word_1_207' title='bbox 1980 3166 2349 3243; x_wconf 90' lang='lat' dir='ltr'>Gergoviam</span> <span class='ocrx_word' id='word_1_208' title='bbox 2392 3185 2522 3242; x_wconf 61' lang='lat' dir='ltr'>per«</span> 
     </span>
    </p>

    <p class='ocr_par' dir='ltr' id='par_1_10' title="bbox 337 3265 2527 3546">
     <span class='ocr_line' id='line_1_28' title="bbox 337 3265 2526 3345; baseline -0 -18"><span class='ocrx_word' id='word_1_209' title='bbox 337 3292 395 3345; x_wconf 84' lang='lat'>25</span> <span class='ocrx_word' id='word_1_210' title='bbox 432 3270 615 3342; x_wconf 90' lang='lat' dir='ltr'>venit,</span> <span class='ocrx_word' id='word_1_211' title='bbox 649 3277 1044 3345; x_wconf 91' lang='lat' dir='ltr'>equestrique</span> <span class='ocrx_word' id='word_1_212' title='bbox 1089 3275 1166 3327; x_wconf 90' lang='lat' dir='ltr'>eo</span> <span class='ocrx_word' id='word_1_213' title='bbox 1208 3266 1310 3325; x_wconf 91' lang='lat' dir='ltr'>die</span> <span class='ocrx_word' id='word_1_214' title='bbox 1353 3265 1587 3344; x_wconf 88' lang='lat' dir='ltr'>proelio</span> <span class='ocrx_word' id='word_1_215' title='bbox 1619 3265 1738 3325; x_wconf 89' lang='lat' dir='ltr'>levi</span> <span class='ocrx_word' id='word_1_216' title='bbox 1779 3267 1963 3340; x_wconf 85' lang='lat' dir='ltr'>facto,</span> <span class='ocrx_word' id='word_1_217' title='bbox 1995 3273 2322 3343; x_wconf 91' lang='lat' dir='ltr'>perspecto</span> <span class='ocrx_word' id='word_1_218' title='bbox 2354 3267 2526 3326; x_wconf 90' lang='lat' dir='ltr'>urbis</span> 
     </span>
     <span class='ocr_line' id='line_1_29' title="bbox 430 3362 2527 3446; baseline -0.001 -19"><span class='ocrx_word' id='word_1_219' title='bbox 430 3369 567 3440; x_wconf 77' lang='lat' dir='ltr'>situ,</span> <span class='ocrx_word' id='word_1_220' title='bbox 602 3388 760 3446; x_wconf 90' lang='lat' dir='ltr'>quae</span> <span class='ocrx_word' id='word_1_221' title='bbox 792 3368 992 3445; x_wconf 89' lang='lat' dir='ltr'>posita</span> <span class='ocrx_word' id='word_1_222' title='bbox 1022 3367 1083 3427; x_wconf 89' lang='lat' dir='ltr'>in</span> <span class='ocrx_word' id='word_1_223' title='bbox 1126 3366 1427 3427; x_wconf 88' lang='lat' dir='ltr'>altissimo</span> <span class='ocrx_word' id='word_1_224' title='bbox 1468 3375 1677 3426; x_wconf 88' lang='lat' dir='ltr'>monte</span> <span class='ocrx_word' id='word_1_225' title='bbox 1722 3374 1924 3426; x_wconf 90' lang='lat' dir='ltr'>omnis</span> <span class='ocrx_word' id='word_1_226' title='bbox 1965 3366 2169 3425; x_wconf 76' lang='lat' dir='ltr'>aditus</span> <span class='ocrx_word' id='word_1_227' title='bbox 2200 3365 2467 3425; x_wconf 88' lang='lat' dir='ltr'>difficilis</span> <span class='ocrx_word' id='word_1_228' title='bbox 2485 3362 2527 3399; x_wconf 87' lang='lat'>¹⁰</span> 
     </span>
     <span class='ocr_line' id='line_1_30' title="bbox 429 3462 2522 3546; baseline -0 -21"><span class='ocrx_word' id='word_1_229' title='bbox 429 3468 717 3540; x_wconf 86' lang='lat' dir='ltr'>habebat,</span> <span class='ocrx_word' id='word_1_230' title='bbox 750 3469 829 3528; x_wconf 93' lang='lat' dir='ltr'>de</span> <span class='ocrx_word' id='word_1_231' title='bbox 872 3467 1335 3546; x_wconf 74' lang='lat' dir='ltr'>oppugnatione</span> <span class='ocrx_word' id='word_1_232' title='bbox 1366 3462 1806 3545; x_wconf 63' lang='lat' dir='ltr'>desperavit¹¹;</span> <span class='ocrx_word' id='word_1_233' title='bbox 1862 3466 1940 3525; x_wconf 93' lang='lat' dir='ltr'>de</span> <span class='ocrx_word' id='word_1_234' title='bbox 1985 3466 2349 3526; x_wconf 91' lang='lat' dir='ltr'>obsessione</span> <span class='ocrx_word' id='word_1_235' title='bbox 2395 3473 2522 3526; x_wconf 92' lang='lat' dir='ltr'>non</span> 
     </span>
    </p>
   </div>
   <div class='ocr_carea' id='block_1_7' title="bbox 427 3613 2524 3851">
    <p class='ocr_par' dir='ltr' id='par_1_11' title="bbox 427 3613 2524 3851">
     <span class='ocr_line' id='line_1_31' title="bbox 510 3613 2522 3682; baseline 0 -16"><span class='ocrx_word' id='word_1_236' title='bbox 510 3618 593 3667; x_wconf 86' lang='lat' dir='ltr'>Cf.</span> <span class='ocrx_word' id='word_1_237' title='bbox 619 3616 639 3651; x_wconf 82' lang='lat'>1</span> <span class='ocrx_word' id='word_1_238' title='bbox 658 3618 1011 3671; x_wconf 80' lang='lat' dir='ltr'>interscissis.</span> <span class='ocrx_word' id='word_1_239' title='bbox 1028 3645 1096 3653; x_wconf 95' lang='lat'>—</span> <span class='ocrx_word' id='word_1_240' title='bbox 1112 3615 1135 3650; x_wconf 78' lang='lat'><em>2</em></span> <span class='ocrx_word' id='word_1_241' title='bbox 1150 3618 1431 3682; x_wconf 78' lang='lat' dir='ltr'>adversus,</span> <span class='ocrx_word' id='word_1_242' title='bbox 1451 3632 1511 3666; x_wconf 86' lang='lat' dir='ltr'>w.</span> <span class='ocrx_word' id='word_1_243' title='bbox 1533 3631 1638 3666; x_wconf 86' lang='lat' dir='ltr'>acc.</span> <span class='ocrx_word' id='word_1_244' title='bbox 1655 3645 1722 3651; x_wconf 95' lang='lat'>—</span> <span class='ocrx_word' id='word_1_245' title='bbox 1734 3613 1757 3648; x_wconf 79' lang='lat'><strong>⁸</strong></span> <span class='ocrx_word' id='word_1_246' title='bbox 1774 3631 1893 3679; x_wconf 90' lang='lat' dir='ltr'>opp.</span> <span class='ocrx_word' id='word_1_247' title='bbox 1916 3616 2098 3668; x_wconf 87' lang='lat' dir='ltr'>motis.</span> <span class='ocrx_word' id='word_1_248' title='bbox 2116 3643 2184 3651; x_wconf 94' lang='lat'>—</span> <span class='ocrx_word' id='word_1_249' title='bbox 2195 3614 2218 3647; x_wconf 74' lang='lat'><strong>⁴</strong></span> <span class='ocrx_word' id='word_1_250' title='bbox 2237 3615 2522 3668; x_wconf 71' lang='lat' dir='ltr'>reminsit.</span> 
     </span>
     <span class='ocr_line' id='line_1_32' title="bbox 427 3697 2524 3767; baseline -0.002 -13"><span class='ocrx_word' id='word_1_251' title='bbox 427 3699 528 3738; x_wconf 72' lang='lat'>—5</span> <span class='ocrx_word' id='word_1_252' title='bbox 551 3702 776 3767; x_wconf 78' lang='lat' dir='ltr'>expleri.</span> <span class='ocrx_word' id='word_1_253' title='bbox 802 3730 871 3738; x_wconf 94' lang='lat'><strong>—</strong></span> <span class='ocrx_word' id='word_1_254' title='bbox 891 3700 914 3734; x_wconf 67' lang='grc' dir='ltr'><strong>θ</strong></span> <span class='ocrx_word' id='word_1_255' title='bbox 937 3717 1058 3765; x_wconf 88' lang='lat' dir='ltr'>opp.</span> <span class='ocrx_word' id='word_1_256' title='bbox 1095 3701 1353 3765; x_wconf 85' lang='lat' dir='ltr'>superior.</span> <span class='ocrx_word' id='word_1_257' title='bbox 1379 3728 1448 3736; x_wconf 92' lang='lat'>—</span> <span class='ocrx_word' id='word_1_258' title='bbox 1470 3698 1489 3732; x_wconf 86' lang='lat'>⁷</span> <span class='ocrx_word' id='word_1_259' title='bbox 1517 3698 1746 3763; x_wconf 86' lang='lat' dir='ltr'>incepit.</span> <span class='ocrx_word' id='word_1_260' title='bbox 1773 3727 1842 3734; x_wconf 91' lang='lat'><em>-</em></span> <span class='ocrx_word' id='word_1_261' title='bbox 1862 3698 1883 3731; x_wconf 76' lang='lat'>⁸</span> <span class='ocrx_word' id='word_1_262' title='bbox 1908 3714 2029 3764; x_wconf 90' lang='lat' dir='ltr'>opp.</span> <span class='ocrx_word' id='word_1_263' title='bbox 2066 3699 2271 3763; x_wconf 84' lang='lat' dir='ltr'>iniquo.</span> <span class='ocrx_word' id='word_1_264' title='bbox 2296 3726 2366 3735; x_wconf 95' lang='lat'>—</span> <span class='ocrx_word' id='word_1_265' title='bbox 2385 3697 2409 3731; x_wconf 81' lang='lat'>⁹</span> <span class='ocrx_word' id='word_1_266' title='bbox 2435 3699 2524 3750; x_wconf 78' lang='lat' dir='ltr'>die</span> 
     </span>
     <span class='ocr_line' id='line_1_33' title="bbox 428 3781 1999 3851; baseline -0.001 -15"><span class='ocrx_word' id='word_1_267' title='bbox 428 3785 602 3836; x_wconf 77' lang='lat' dir='ltr'>sexto.</span> <span class='ocrx_word' id='word_1_268' title='bbox 618 3782 742 3821; x_wconf 85' lang='lat'>-10</span> <span class='ocrx_word' id='word_1_269' title='bbox 765 3804 888 3851; x_wconf 86' lang='lat' dir='ltr'>opp.</span> <span class='ocrx_word' id='word_1_270' title='bbox 914 3784 1107 3836; x_wconf 79' lang='lat' dir='ltr'>leniter</span> <span class='ocrx_word' id='word_1_271' title='bbox 1133 3783 1383 3837; x_wconf 78' lang='lat' dir='ltr'>adclivis.</span> <span class='ocrx_word' id='word_1_272' title='bbox 1398 3781 1521 3818; x_wconf 87' lang='lat'>—-¹¹</span> <span class='ocrx_word' id='word_1_273' title='bbox 1550 3795 1703 3847; x_wconf 82' lang='lat' dir='ltr'>spem</span> <span class='ocrx_word' id='word_1_274' title='bbox 1727 3783 1999 3846; x_wconf 79' lang='lat' dir='ltr'>deposuit.</span> 
     </span>
    </p>
   </div>
  </div>
 </body>
</html>
