<?xml version="1.0" encoding="UTF-8"?>
<!DOCTYPE html PUBLIC "-//W3C//DTD XHTML 1.0 Transitional//EN"
    "http://www.w3.org/TR/xhtml1/DTD/xhtml1-transitional.dtd">
<html xmlns="http://www.w3.org/1999/xhtml" xml:lang="en" lang="en">
 <head>
  <title>
</title>
<meta http-equiv="Content-Type" content="text/html;charset=utf-8" />
  <meta name='ocr-system' content='tesseract 3.04.00' />
  <meta name='ocr-capabilities' content='ocr_page ocr_carea ocr_par ocr_line ocrx_word'/>
</head>
<body>
  <div class='ocr_page' id='page_1' title='image "./caesarsgallicwa02greegoog_0392.png"; bbox 0 0 2819 4297; ppageno 0'>
   <div class='ocr_carea' id='block_1_1' title="bbox 402 276 2491 362">
    <p class='ocr_par' dir='ltr' id='par_1_1' title="bbox 402 276 2491 362">
     <span class='ocr_line' id='line_1_1' title="bbox 402 276 2491 362; baseline 0 -20"><span class='ocrx_word' id='word_1_1' title='bbox 402 291 538 359; x_wconf 87' lang='lat'><strong>244</strong></span> <span class='ocrx_word' id='word_1_2' title='bbox 1130 277 1263 342; x_wconf 72' lang='lat' dir='ltr'><strong>The</strong></span> <span class='ocrx_word' id='word_1_3' title='bbox 1315 276 1533 344; x_wconf 81' lang='lat' dir='ltr'><em>Gallie</em></span> <span class='ocrx_word' id='word_1_4' title='bbox 1584 279 1752 344; x_wconf 84' lang='lat' dir='ltr'><strong>War.</strong></span> <span class='ocrx_word' id='word_1_5' title='bbox 2260 290 2491 362; x_wconf 73' lang='lat' dir='ltr'><strong>[QAESAR</strong></span> 
     </span>
    </p>
   </div>
   <div class='ocr_carea' id='block_1_2' title="bbox 396 472 2492 752">
    <p class='ocr_par' dir='ltr' id='par_1_2' title="bbox 396 472 2492 752">
     <span class='ocr_line' id='line_1_2' title="bbox 396 472 2491 552; baseline 0.002 -22"><span class='ocrx_word' id='word_1_6' title='bbox 396 480 634 549; x_wconf 88' lang='lat' dir='ltr'><strong>tergum</strong></span> <span class='ocrx_word' id='word_1_7' title='bbox 665 473 1086 551; x_wconf 72' lang='lat' dir='ltr'><strong>pugnantibus</strong></span> <span class='ocrx_word' id='word_1_8' title='bbox 1117 472 1368 545; x_wconf 84' lang='lat' dir='ltr'><strong>exstitit,</strong></span> <span class='ocrx_word' id='word_1_9' title='bbox 1402 473 1571 551; x_wconf 90' lang='lat' dir='ltr'><strong>quod</strong></span> <span class='ocrx_word' id='word_1_10' title='bbox 1612 492 1790 534; x_wconf 90' lang='lat' dir='ltr'><strong>suum</strong></span> <span class='ocrx_word' id='word_1_11' title='bbox 1820 474 2161 552; x_wconf 74' lang='lat' dir='ltr'><strong>periculum</strong></span> <span class='ocrx_word' id='word_1_12' title='bbox 2194 473 2258 533; x_wconf 91' lang='lat' dir='ltr'><strong>in</strong></span> <span class='ocrx_word' id='word_1_13' title='bbox 2288 475 2491 534; x_wconf 69' lang='lat' dir='ltr'><strong>aliene</strong></span> 
     </span>
     <span class='ocr_line' id='line_1_3' title="bbox 397 571 2492 653; baseline 0.003 -24"><span class='ocrx_word' id='word_1_14' title='bbox 397 571 610 630; x_wconf 90' lang='lat' dir='ltr'><strong>vident</strong></span> <span class='ocrx_word' id='word_1_15' title='bbox 638 572 863 632; x_wconf 77' lang='lat' dir='ltr'><strong>virtute</strong></span> <span class='ocrx_word' id='word_1_16' title='bbox 895 581 1216 647; x_wconf 74' lang='lat' dir='ltr'><strong>constare3</strong></span> <span class='ocrx_word' id='word_1_17' title='bbox 1262 573 1473 632; x_wconf 90' lang='lat' dir='ltr'><strong>omnia</strong></span> <span class='ocrx_word' id='word_1_18' title='bbox 1502 573 1666 634; x_wconf 90' lang='lat' dir='ltr'><strong>enim</strong></span> <span class='ocrx_word' id='word_1_19' title='bbox 1697 574 2057 653; x_wconf 89' lang='lat' dir='ltr'><strong>plerumque</strong></span> <span class='ocrx_word' id='word_1_20' title='bbox 2080 593 2242 653; x_wconf 88' lang='lat' dir='ltr'><strong>quae</strong></span> <span class='ocrx_word' id='word_1_21' title='bbox 2264 575 2492 635; x_wconf 90' lang='lat' dir='ltr'><strong>absunt</strong></span> 
     </span>
     <span class='ocr_line' id='line_1_4' title="bbox 397 670 1839 752; baseline 0.004 -23"><span class='ocrx_word' id='word_1_22' title='bbox 397 670 823 732; x_wconf 90' lang='lat' dir='ltr'><strong>vehementius</strong></span> <span class='ocrx_word' id='word_1_23' title='bbox 853 673 1171 733; x_wconf 89' lang='lat' dir='ltr'><strong>hominum</strong></span> <span class='ocrx_word' id='word_1_24' title='bbox 1203 683 1429 734; x_wconf 89' lang='lat' dir='ltr'><strong>mentis</strong></span> <span class='ocrx_word' id='word_1_25' title='bbox 1459 676 1839 752; x_wconf 85' lang='lat' dir='ltr'><strong>perturbant.</strong></span> 
     </span>
    </p>
   </div>
   <div class='ocr_carea' id='block_1_3' title="bbox 772 837 2114 893">
    <p class='ocr_par' dir='ltr' id='par_1_3' title="bbox 772 837 2114 893">
     <span class='ocr_line' id='line_1_5' title="bbox 772 837 2114 893; baseline 0.003 -15"><span class='ocrx_word' id='word_1_26' title='bbox 772 837 1006 891; x_wconf 77' lang='lat' dir='ltr'><strong>Fighting</strong></span> <span class='ocrx_word' id='word_1_27' title='bbox 1033 838 1302 881; x_wconf 77' lang='lat' dir='ltr'>continues</span> <span class='ocrx_word' id='word_1_28' title='bbox 1328 839 1454 881; x_wconf 81' lang='lat' dir='ltr'><strong>with</strong></span> <span class='ocrx_word' id='word_1_29' title='bbox 1484 840 1680 893; x_wconf 77' lang='lat' dir='ltr'><strong>Energy</strong></span> <span class='ocrx_word' id='word_1_30' title='bbox 1707 852 1770 882; x_wconf 85' lang='lat' dir='ltr'><strong>on</strong></span> <span class='ocrx_word' id='word_1_31' title='bbox 1797 841 1927 882; x_wconf 83' lang='lat' dir='ltr'><strong>Both</strong></span> <span class='ocrx_word' id='word_1_32' title='bbox 1955 841 2114 883; x_wconf 77' lang='lat' dir='ltr'><strong>Sides.</strong></span> 
     </span>
    </p>
   </div>
   <div class='ocr_carea' id='block_1_4' title="bbox 305 940 2510 2223">
    <p class='ocr_par' dir='ltr' id='par_1_4' title="bbox 305 940 2510 2223">
     <span class='ocr_line' id='line_1_6' title="bbox 480 940 2490 1020; baseline 0.003 -22"><span class='ocrx_word' id='word_1_33' title='bbox 480 947 579 998; x_wconf 84' lang='grc'><strong>85.</strong></span> <span class='ocrx_word' id='word_1_34' title='bbox 641 941 873 1000; x_wconf 91' lang='lat' dir='ltr'><strong>Caesar</strong></span> <span class='ocrx_word' id='word_1_35' title='bbox 903 940 1195 1000; x_wconf 90' lang='lat' dir='ltr'><strong>idoneum</strong></span> <span class='ocrx_word' id='word_1_36' title='bbox 1241 941 1442 1000; x_wconf 89' lang='lat' dir='ltr'><strong>locum</strong></span> <span class='ocrx_word' id='word_1_37' title='bbox 1489 952 1709 1001; x_wconf 90' lang='lat' dir='ltr'><strong>nactus</strong></span> <span class='ocrx_word' id='word_1_38' title='bbox 1754 941 1904 1019; x_wconf 91' lang='lat' dir='ltr'><strong>quid</strong></span> <span class='ocrx_word' id='word_1_39' title='bbox 1936 951 2180 1020; x_wconf 71' lang='lat' dir='ltr'><strong>quaque</strong></span> <span class='ocrx_word' id='word_1_40' title='bbox 2210 962 2286 1002; x_wconf 85' lang='lat' dir='ltr'><strong>ex</strong></span> <span class='ocrx_word' id='word_1_41' title='bbox 2315 953 2490 1020; x_wconf 88' lang='lat' dir='ltr'><strong>parte</strong></span> 
     </span>
     <span class='ocr_line' id='line_1_7' title="bbox 339 1040 2490 1119; baseline 0.002 -20"><span class='ocrx_word' id='word_1_42' title='bbox 339 1065 362 1119; x_wconf 83' lang='lat'>5</span> <span class='ocrx_word' id='word_1_43' title='bbox 398 1048 644 1118; x_wconf 68' lang='lat' dir='ltr'><strong>geretur</strong></span> <span class='ocrx_word' id='word_1_44' title='bbox 673 1040 1028 1118; x_wconf 84' lang='lat' dir='ltr'><strong>cognoscit3</strong></span> <span class='ocrx_word' id='word_1_45' title='bbox 1078 1041 1503 1101; x_wconf 82' lang='lat' dir='ltr'><strong>laborantibus</strong></span> <span class='ocrx_word' id='word_1_46' title='bbox 1531 1044 1856 1101; x_wconf 82' lang='lat' dir='ltr'><em>subsidium</em></span> <span class='ocrx_word' id='word_1_47' title='bbox 1880 1042 2201 1102; x_wconf 88' lang='lat' dir='ltr'><strong>submittit.</strong></span> <span class='ocrx_word' id='word_1_48' title='bbox 2291 1045 2490 1103; x_wconf 92' lang='lat' dir='ltr'><strong>Utris—</strong></span> 
     </span>
     <span class='ocr_line' id='line_1_8' title="bbox 400 1140 2488 1220; baseline 0.001 -21"><span class='ocrx_word' id='word_1_49' title='bbox 400 1159 520 1218; x_wconf 86' lang='lat' dir='ltr'><strong>que</strong></span> <span class='ocrx_word' id='word_1_50' title='bbox 553 1141 631 1199; x_wconf 92' lang='lat' dir='ltr'><strong>ad</strong></span> <span class='ocrx_word' id='word_1_51' title='bbox 663 1140 934 1200; x_wconf 89' lang='lat' dir='ltr'><strong>animum</strong></span> <span class='ocrx_word' id='word_1_52' title='bbox 964 1142 1228 1202; x_wconf 90' lang='lat' dir='ltr'><strong>occurrit</strong></span> <span class='ocrx_word' id='word_1_53' title='bbox 1258 1151 1448 1201; x_wconf 74' lang='lat' dir='ltr'><strong>sinum</strong></span> <span class='ocrx_word' id='word_1_54' title='bbox 1476 1161 1616 1203; x_wconf 93' lang='lat' dir='ltr'><strong>esse</strong></span> <span class='ocrx_word' id='word_1_55' title='bbox 1640 1142 1793 1201; x_wconf 88' lang='lat' dir='ltr'><strong>illud</strong></span> <span class='ocrx_word' id='word_1_56' title='bbox 1817 1152 2061 1220; x_wconf 90' lang='lat' dir='ltr'><strong>tempus</strong></span> <span class='ocrx_word' id='word_1_57' title='bbox 2080 1150 2203 1219; x_wconf 91' lang='lat' dir='ltr'><strong>quo</strong></span> <span class='ocrx_word' id='word_1_58' title='bbox 2226 1143 2488 1202; x_wconf 87' lang='lat' dir='ltr'><strong>maxime</strong></span> 
     </span>
     <span class='ocr_line' id='line_1_9' title="bbox 400 1241 2489 1320; baseline 0.001 -20"><span class='ocrx_word' id='word_1_59' title='bbox 400 1242 695 1301; x_wconf 92' lang='lat' dir='ltr'><strong>contendi</strong></span> <span class='ocrx_word' id='word_1_60' title='bbox 737 1241 1100 1302; x_wconf 91' lang='lat' dir='ltr'><strong>conveniat:</strong></span> <span class='ocrx_word' id='word_1_61' title='bbox 1147 1242 1330 1314; x_wconf 90' lang='lat' dir='ltr'><strong>Galli,</strong></span> <span class='ocrx_word' id='word_1_62' title='bbox 1364 1243 1485 1302; x_wconf 92' lang='lat' dir='ltr'><strong>nisi</strong></span> <span class='ocrx_word' id='word_1_63' title='bbox 1529 1242 1934 1320; x_wconf 82' lang='lat' dir='ltr'><strong>perfregerint</strong></span> <span class='ocrx_word' id='word_1_64' title='bbox 1977 1242 2367 1316; x_wconf 48' lang='lat' dir='ltr'><strong>monitiones</strong></span> <span class='ocrx_word' id='word_1_65' title='bbox 2412 1244 2489 1303; x_wconf 93' lang='lat' dir='ltr'><strong>de</strong></span> 
     </span>
     <span class='ocr_line' id='line_1_10' title="bbox 401 1341 2510 1420; baseline -0 -18"><span class='ocrx_word' id='word_1_66' title='bbox 401 1350 571 1402; x_wconf 89' lang='lat' dir='ltr'><strong>omni</strong></span> <span class='ocrx_word' id='word_1_67' title='bbox 615 1341 813 1401; x_wconf 74' lang='lat' dir='ltr'><strong>saliite</strong></span> <span class='ocrx_word' id='word_1_68' title='bbox 857 1342 1224 1420; x_wconf 83' lang='lat' dir='ltr'><strong>desperant3</strong></span> <span class='ocrx_word' id='word_1_69' title='bbox 1272 1344 1558 1413; x_wconf 65' lang='lat' dir='ltr'><strong>Romaim,</strong></span> <span class='ocrx_word' id='word_1_70' title='bbox 1593 1351 1647 1401; x_wconf 88' lang='lat' dir='ltr'><strong>si</strong></span> <span class='ocrx_word' id='word_1_71' title='bbox 1690 1362 1818 1403; x_wconf 87' lang='lat' dir='ltr'><strong>rem</strong></span> <span class='ocrx_word' id='word_1_72' title='bbox 1863 1341 2262 1415; x_wconf 86' lang='lat' dir='ltr'><strong>obtinuerint,</strong></span> <span class='ocrx_word' id='word_1_73' title='bbox 2295 1344 2510 1402; x_wconf 50' lang='lat' dir='ltr'><strong>finem*</strong></span> 
     </span>
     <span class='ocr_line' id='line_1_11' title="bbox 402 1442 2490 1520; baseline 0 -19"><span class='ocrx_word' id='word_1_74' title='bbox 402 1443 681 1502; x_wconf 88' lang='lat' dir='ltr'><strong>laborum</strong></span> <span class='ocrx_word' id='word_1_75' title='bbox 712 1442 983 1501; x_wconf 89' lang='lat' dir='ltr'><strong>omnium</strong></span> <span class='ocrx_word' id='word_1_76' title='bbox 1014 1452 1393 1520; x_wconf 85' lang='lat' dir='ltr'><strong>exspectant.</strong></span> <span class='ocrx_word' id='word_1_77' title='bbox 1485 1442 1758 1502; x_wconf 87' lang='lat' dir='ltr'><strong>Maxime</strong></span> <span class='ocrx_word' id='word_1_78' title='bbox 1802 1443 1883 1502; x_wconf 88' lang='lat' dir='ltr'><strong>ad</strong></span> <span class='ocrx_word' id='word_1_79' title='bbox 1918 1443 2267 1519; x_wconf 90' lang='lat' dir='ltr'><strong>superiores</strong></span> <span class='ocrx_word' id='word_1_80' title='bbox 2298 1453 2490 1503; x_wconf 73' lang='lat' dir='ltr'><strong>muni·</strong></span> 
     </span>
     <span class='ocr_line' id='line_1_12' title="bbox 305 1542 2491 1619; baseline 0.001 -17"><span class='ocrx_word' id='word_1_81' title='bbox 305 1566 365 1603; x_wconf 84' lang='lat'><strong>10</strong></span> <span class='ocrx_word' id='word_1_82' title='bbox 403 1543 606 1602; x_wconf 92' lang='lat' dir='ltr'><strong>tiones</strong></span> <span class='ocrx_word' id='word_1_83' title='bbox 630 1542 959 1614; x_wconf 68' lang='lat' dir='ltr'><strong>laboretur,</strong></span> <span class='ocrx_word' id='word_1_84' title='bbox 993 1550 1118 1619; x_wconf 91' lang='lat' dir='ltr'><strong>quo</strong></span> <span class='ocrx_word' id='word_1_85' title='bbox 1147 1542 1793 1602; x_wconf 84' lang='lat' dir='ltr'><strong>Vercassivellaunum</strong></span> <span class='ocrx_word' id='word_1_86' title='bbox 1826 1543 2082 1602; x_wconf 91' lang='lat' dir='ltr'><strong>missum</strong></span> <span class='ocrx_word' id='word_1_87' title='bbox 2113 1544 2491 1604; x_wconf 69' lang='lat' dir='ltr'><strong>demonstre-</strong></span> 
     </span>
     <span class='ocr_line' id='line_1_13' title="bbox 402 1643 2488 1721; baseline 0.001 -21"><span class='ocrx_word' id='word_1_88' title='bbox 402 1643 619 1702; x_wconf 76' lang='lat' dir='ltr'><strong>vimus,</strong></span> <span class='ocrx_word' id='word_1_89' title='bbox 710 1644 998 1718; x_wconf 85' lang='lat' dir='ltr'><strong>Iniquum</strong></span> <span class='ocrx_word' id='word_1_90' title='bbox 1042 1643 1163 1703; x_wconf 90' lang='lat' dir='ltr'><strong>loci</strong></span> <span class='ocrx_word' id='word_1_91' title='bbox 1214 1643 1294 1702; x_wconf 90' lang='lat' dir='ltr'><strong>ad</strong></span> <span class='ocrx_word' id='word_1_92' title='bbox 1352 1643 1767 1702; x_wconf 71' lang='lat' dir='ltr'><strong>declivitatem</strong></span> <span class='ocrx_word' id='word_1_93' title='bbox 1824 1644 2141 1721; x_wconf 86' lang='lat' dir='ltr'><strong>fastigium</strong></span> <span class='ocrx_word' id='word_1_94' title='bbox 2200 1653 2488 1721; x_wconf 70' lang='lat' dir='ltr'><strong>magnum</strong></span> 
     </span>
     <span class='ocr_line' id='line_1_14' title="bbox 402 1741 2491 1815; baseline 0.001 -14"><span class='ocrx_word' id='word_1_95' title='bbox 402 1743 593 1802; x_wconf 90' lang='lat' dir='ltr'><strong>habet</strong></span> <span class='ocrx_word' id='word_1_96' title='bbox 633 1749 1029 1803; x_wconf 88' lang='lat' dir='ltr'><strong>momentum.</strong></span> <span class='ocrx_word' id='word_1_97' title='bbox 1116 1741 1243 1801; x_wconf 92' lang='lat' dir='ltr'><strong>Alii</strong></span> <span class='ocrx_word' id='word_1_98' title='bbox 1287 1744 1411 1802; x_wconf 89' lang='lat' dir='ltr'><strong>tela</strong></span> <span class='ocrx_word' id='word_1_99' title='bbox 1454 1743 1785 1815; x_wconf 91' lang='lat' dir='ltr'><strong>coniciunt,</strong></span> <span class='ocrx_word' id='word_1_100' title='bbox 1821 1743 1924 1801; x_wconf 90' lang='lat' dir='ltr'><strong>alii</strong></span> <span class='ocrx_word' id='word_1_101' title='bbox 1968 1743 2281 1803; x_wconf 73' lang='lat' dir='ltr'><strong>testudine</strong></span> <span class='ocrx_word' id='word_1_102' title='bbox 2324 1745 2491 1803; x_wconf 70' lang='lat' dir='ltr'><strong>facte</strong></span> 
     </span>
     <span class='ocr_line' id='line_1_15' title="bbox 404 1842 2490 1922; baseline -0 -18"><span class='ocrx_word' id='word_1_103' title='bbox 404 1844 699 1916; x_wconf 88' lang='lat' dir='ltr'><strong>subeunt;</strong></span> <span class='ocrx_word' id='word_1_104' title='bbox 743 1842 1099 1920; x_wconf 71' lang='lat' dir='ltr'><strong>defatigatis</strong></span> <span class='ocrx_word' id='word_1_105' title='bbox 1129 1843 1192 1901; x_wconf 92' lang='lat' dir='ltr'><strong>in</strong></span> <span class='ocrx_word' id='word_1_106' title='bbox 1222 1847 1420 1902; x_wconf 91' lang='lat' dir='ltr'><strong>vicem</strong></span> <span class='ocrx_word' id='word_1_107' title='bbox 1460 1843 1680 1921; x_wconf 86' lang='lat' dir='ltr'><strong>integri</strong></span> <span class='ocrx_word' id='word_1_108' title='bbox 1725 1845 2083 1903; x_wconf 91' lang='lat' dir='ltr'><strong>succedunt.</strong></span> <span class='ocrx_word' id='word_1_109' title='bbox 2175 1848 2381 1922; x_wconf 89' lang='lat' dir='ltr'><strong>Agger</strong></span> <span class='ocrx_word' id='word_1_110' title='bbox 2413 1845 2490 1903; x_wconf 90' lang='lat' dir='ltr'><strong>ab</strong></span> 
     </span>
     <span class='ocr_line' id='line_1_16' title="bbox 404 1942 2488 2017; baseline -0 -12"><span class='ocrx_word' id='word_1_111' title='bbox 404 1943 707 2005; x_wconf 73' lang='lat' dir='ltr'><strong>universis</strong></span> <span class='ocrx_word' id='word_1_112' title='bbox 738 1943 801 2002; x_wconf 92' lang='lat' dir='ltr'><strong>in</strong></span> <span class='ocrx_word' id='word_1_113' title='bbox 845 1944 1247 2004; x_wconf 75' lang='lat' dir='ltr'><strong>monitionem</strong></span> <span class='ocrx_word' id='word_1_114' title='bbox 1292 1942 1613 2003; x_wconf 90' lang='lat' dir='ltr'><strong>coniectus</strong></span> <span class='ocrx_word' id='word_1_115' title='bbox 1657 1953 1720 2002; x_wconf 89' lang='lat' dir='ltr'><strong>et</strong></span> <span class='ocrx_word' id='word_1_116' title='bbox 1762 1950 2086 2002; x_wconf 89' lang='lat' dir='ltr'><strong>ascensum</strong></span> <span class='ocrx_word' id='word_1_117' title='bbox 2132 1945 2240 2003; x_wconf 90' lang='lat' dir='ltr'><strong>dat</strong></span> <span class='ocrx_word' id='word_1_118' title='bbox 2270 1945 2488 2017; x_wconf 84' lang='lat' dir='ltr'><strong>GalliS,</strong></span> 
     </span>
     <span class='ocr_line' id='line_1_17' title="bbox 308 2043 2490 2122; baseline 0 -20"><span class='ocrx_word' id='word_1_119' title='bbox 308 2065 366 2119; x_wconf 84' lang='lat'><strong>15</strong></span> <span class='ocrx_word' id='word_1_120' title='bbox 403 2055 467 2106; x_wconf 88' lang='lat' dir='ltr'><strong>et</strong></span> <span class='ocrx_word' id='word_1_121' title='bbox 494 2064 570 2105; x_wconf 91' lang='lat' dir='ltr'><strong>ea</strong></span> <span class='ocrx_word' id='word_1_122' title='bbox 598 2063 756 2122; x_wconf 90' lang='lat' dir='ltr'><strong>quae</strong></span> <span class='ocrx_word' id='word_1_123' title='bbox 786 2043 849 2103; x_wconf 93' lang='lat' dir='ltr'><strong>in</strong></span> <span class='ocrx_word' id='word_1_124' title='bbox 881 2052 1041 2105; x_wconf 69' lang='lat' dir='ltr'><strong>terre</strong></span> <span class='ocrx_word' id='word_1_125' title='bbox 1069 2043 1528 2104; x_wconf 70' lang='lat' dir='ltr'><strong>occultaverant</strong></span> <span class='ocrx_word' id='word_1_126' title='bbox 1565 2044 1833 2103; x_wconf 60' lang='lat' dir='ltr'><strong>Romani</strong></span> <span class='ocrx_word' id='word_1_127' title='bbox 1864 2043 2137 2122; x_wconf 89' lang='lat' dir='ltr'><strong>contegit</strong></span> <span class='ocrx_word' id='word_1_128' title='bbox 2162 2067 2176 2118; x_wconf 90' lang='lat'>;</span> <span class='ocrx_word' id='word_1_129' title='bbox 2223 2063 2339 2105; x_wconf 93' lang='lat' dir='ltr'><strong>nec</strong></span> <span class='ocrx_word' id='word_1_130' title='bbox 2369 2044 2490 2103; x_wconf 90' lang='lat' dir='ltr'><strong>iam</strong></span> 
     </span>
     <span class='ocr_line' id='line_1_18' title="bbox 404 2153 1553 2223; baseline -0.002 -16"><span class='ocrx_word' id='word_1_131' title='bbox 404 2166 573 2207; x_wconf 89' lang='lat' dir='ltr'><strong>arma</strong></span> <span class='ocrx_word' id='word_1_132' title='bbox 603 2155 832 2207; x_wconf 86' lang='lat' dir='ltr'><strong>nostris</strong></span> <span class='ocrx_word' id='word_1_133' title='bbox 862 2166 977 2208; x_wconf 92' lang='lat' dir='ltr'><strong>nec</strong></span> <span class='ocrx_word' id='word_1_134' title='bbox 1007 2153 1166 2205; x_wconf 91' lang='lat' dir='ltr'><strong>vires</strong></span> <span class='ocrx_word' id='word_1_135' title='bbox 1197 2155 1553 2223; x_wconf 90' lang='lat' dir='ltr'><strong>suppetunt.</strong></span> 
     </span>
    </p>
   </div>
   <div class='ocr_carea' id='block_1_5' title="bbox 852 2310 2022 2363">
    <p class='ocr_par' dir='ltr' id='par_1_5' title="bbox 852 2310 2022 2363">
     <span class='ocr_line' id='line_1_19' title="bbox 852 2310 2022 2363; baseline -0.003 -9"><span class='ocrx_word' id='word_1_136' title='bbox 852 2312 1017 2354; x_wconf 64' lang='lat' dir='ltr'><strong>Cesar</strong></span> <span class='ocrx_word' id='word_1_137' title='bbox 1053 2312 1340 2362; x_wconf 80' lang='lat' dir='ltr'><strong>Personally</strong></span> <span class='ocrx_word' id='word_1_138' title='bbox 1369 2311 1686 2363; x_wconf 79' lang='lat' dir='ltr'><strong>Encourages</strong></span> <span class='ocrx_word' id='word_1_139' title='bbox 1712 2310 1791 2351; x_wconf 85' lang='lat' dir='ltr'><strong>his</strong></span> <span class='ocrx_word' id='word_1_140' title='bbox 1819 2310 2022 2363; x_wconf 79' lang='lat' dir='ltr'><strong>Troops.</strong></span> 
     </span>
    </p>
   </div>
   <div class='ocr_carea' id='block_1_6' title="bbox 301 2412 2492 3479">
    <p class='ocr_par' dir='ltr' id='par_1_6' title="bbox 301 2412 2492 3479">
     <span class='ocr_line' id='line_1_20' title="bbox 484 2412 2492 2491; baseline 0 -16"><span class='ocrx_word' id='word_1_141' title='bbox 484 2424 581 2475; x_wconf 84' lang='lat'><strong>86.</strong></span> <span class='ocrx_word' id='word_1_142' title='bbox 643 2416 765 2474; x_wconf 89' lang='lat' dir='ltr'><strong>His</strong></span> <span class='ocrx_word' id='word_1_143' title='bbox 796 2414 980 2473; x_wconf 91' lang='lat' dir='ltr'><strong>rebus</strong></span> <span class='ocrx_word' id='word_1_144' title='bbox 1010 2413 1277 2491; x_wconf 92' lang='lat' dir='ltr'><strong>cognitis</strong></span> <span class='ocrx_word' id='word_1_145' title='bbox 1309 2415 1543 2474; x_wconf 87' lang='lat' dir='ltr'><strong>Caesar</strong></span> <span class='ocrx_word' id='word_1_146' title='bbox 1587 2412 1931 2471; x_wconf 75' lang='lat' dir='ltr'><strong>Labienum</strong></span> <span class='ocrx_word' id='word_1_147' title='bbox 1963 2432 2103 2473; x_wconf 83' lang='lat' dir='ltr'><strong>curn</strong></span> <span class='ocrx_word' id='word_1_148' title='bbox 2133 2414 2492 2475; x_wconf 89' lang='lat' dir='ltr'><strong>cohortibus</strong></span> 
     </span>
     <span class='ocr_line' id='line_1_21' title="bbox 403 2513 2486 2590; baseline 0 -16"><span class='ocrx_word' id='word_1_149' title='bbox 403 2532 468 2574; x_wconf 79' lang='lat' dir='ltr'><strong>VI</strong></span> <span class='ocrx_word' id='word_1_150' title='bbox 513 2514 792 2575; x_wconf 89' lang='lat' dir='ltr'><strong>subsidio</strong></span> <span class='ocrx_word' id='word_1_151' title='bbox 834 2513 1261 2574; x_wconf 73' lang='lat' dir='ltr'><strong>laborantibus</strong></span> <span class='ocrx_word' id='word_1_152' title='bbox 1305 2514 1508 2573; x_wconf 90' lang='lat' dir='ltr'><strong>mittit.</strong></span> <span class='ocrx_word' id='word_1_153' title='bbox 1599 2515 1890 2590; x_wconf 89' lang='lat' dir='ltr'><strong>Imperat,</strong></span> <span class='ocrx_word' id='word_1_154' title='bbox 1923 2522 1977 2572; x_wconf 90' lang='lat' dir='ltr'><strong>si</strong></span> <span class='ocrx_word' id='word_1_155' title='bbox 2021 2514 2326 2575; x_wconf 91' lang='lat' dir='ltr'><strong>sustinere</strong></span> <span class='ocrx_word' id='word_1_156' title='bbox 2363 2522 2486 2574; x_wconf 91' lang='lat' dir='ltr'><strong>non</strong></span> 
     </span>
     <span class='ocr_line' id='line_1_22' title="bbox 402 2612 2490 2693; baseline 0 -18"><span class='ocrx_word' id='word_1_157' title='bbox 402 2616 617 2693; x_wconf 89' lang='lat' dir='ltr'><strong>possit,</strong></span> <span class='ocrx_word' id='word_1_158' title='bbox 648 2614 933 2674; x_wconf 91' lang='lat' dir='ltr'><strong>deductis</strong></span> <span class='ocrx_word' id='word_1_159' title='bbox 963 2613 1321 2674; x_wconf 91' lang='lat' dir='ltr'><strong>cohortibus</strong></span> <span class='ocrx_word' id='word_1_160' title='bbox 1351 2612 1676 2689; x_wconf 71' lang='lat' dir='ltr'><strong>eruptione</strong></span> <span class='ocrx_word' id='word_1_161' title='bbox 1705 2623 1977 2691; x_wconf 74' lang='lat' dir='ltr'><strong>pugnet3</strong></span> <span class='ocrx_word' id='word_1_162' title='bbox 2026 2614 2088 2673; x_wconf 92' lang='lat' dir='ltr'><strong>id</strong></span> <span class='ocrx_word' id='word_1_163' title='bbox 2132 2615 2253 2674; x_wconf 91' lang='lat' dir='ltr'><strong>nisi</strong></span> <span class='ocrx_word' id='word_1_164' title='bbox 2285 2634 2490 2675; x_wconf 91' lang='lat' dir='ltr'><strong>neces-</strong></span> 
     </span>
     <span class='ocr_line' id='line_1_23' title="bbox 306 2713 2490 2790; baseline 0.002 -21"><span class='ocrx_word' id='word_1_165' title='bbox 306 2734 367 2771; x_wconf 91' lang='lat'><strong>20</strong></span> <span class='ocrx_word' id='word_1_166' title='bbox 404 2716 565 2777; x_wconf 69' lang='lat' dir='ltr'><strong>serio</strong></span> <span class='ocrx_word' id='word_1_167' title='bbox 616 2722 694 2774; x_wconf 93' lang='lat' dir='ltr'><strong>ne</strong></span> <span class='ocrx_word' id='word_1_168' title='bbox 743 2714 951 2773; x_wconf 82' lang='lat' dir='ltr'><strong>faciat.</strong></span> <span class='ocrx_word' id='word_1_169' title='bbox 1042 2715 1189 2790; x_wconf 91' lang='lat' dir='ltr'><strong>Ipse</strong></span> <span class='ocrx_word' id='word_1_170' title='bbox 1236 2713 1367 2773; x_wconf 91' lang='lat' dir='ltr'><strong>adit</strong></span> <span class='ocrx_word' id='word_1_171' title='bbox 1413 2713 1719 2790; x_wconf 86' lang='lat' dir='ltr'><strong>reliquos;</strong></span> <span class='ocrx_word' id='word_1_172' title='bbox 1766 2713 2125 2773; x_wconf 68' lang='lat' dir='ltr'><strong>cohortetur</strong></span> <span class='ocrx_word' id='word_1_173' title='bbox 2174 2722 2253 2773; x_wconf 93' lang='lat' dir='ltr'><strong>ne</strong></span> <span class='ocrx_word' id='word_1_174' title='bbox 2294 2715 2490 2774; x_wconf 87' lang='lat' dir='ltr'><strong>labori</strong></span> 
     </span>
     <span class='ocr_line' id='line_1_24' title="bbox 402 2811 2488 2890; baseline -0.001 -14"><span class='ocrx_word' id='word_1_175' title='bbox 402 2815 839 2887; x_wconf 90' lang='lat' dir='ltr'><strong>succumbant;</strong></span> <span class='ocrx_word' id='word_1_176' title='bbox 886 2812 1159 2874; x_wconf 89' lang='lat' dir='ltr'><strong>omnium</strong></span> <span class='ocrx_word' id='word_1_177' title='bbox 1205 2812 1591 2890; x_wconf 88' lang='lat' dir='ltr'><strong>superiorum</strong></span> <span class='ocrx_word' id='word_1_178' title='bbox 1634 2811 2102 2873; x_wconf 60' lang='lat' dir='ltr'><strong>dimicationum</strong></span> <span class='ocrx_word' id='word_1_179' title='bbox 2130 2815 2393 2873; x_wconf 74' lang='lat' dir='ltr'><strong>fructum</strong></span> <span class='ocrx_word' id='word_1_180' title='bbox 2426 2816 2488 2874; x_wconf 91' lang='lat' dir='ltr'><strong>in</strong></span> 
     </span>
     <span class='ocr_line' id='line_1_25' title="bbox 400 2912 2489 2993; baseline -0.002 -15"><span class='ocrx_word' id='word_1_181' title='bbox 400 2925 477 2978; x_wconf 91' lang='lat' dir='ltr'><strong>eo</strong></span> <span class='ocrx_word' id='word_1_182' title='bbox 507 2917 608 2976; x_wconf 91' lang='lat' dir='ltr'><strong>die</strong></span> <span class='ocrx_word' id='word_1_183' title='bbox 652 2925 838 2993; x_wconf 92' lang='lat' dir='ltr'><strong>atque</strong></span> <span class='ocrx_word' id='word_1_184' title='bbox 883 2915 1033 2975; x_wconf 66' lang='lat' dir='ltr'><strong>hora</strong></span> <span class='ocrx_word' id='word_1_185' title='bbox 1076 2914 1261 2974; x_wconf 90' lang='lat' dir='ltr'><strong>docet</strong></span> <span class='ocrx_word' id='word_1_186' title='bbox 1303 2912 1662 2973; x_wconf 76' lang='lat' dir='ltr'><strong>consistere.</strong></span> <span class='ocrx_word' id='word_1_187' title='bbox 1752 2913 2107 2987; x_wconf 88' lang='lat' dir='ltr'><strong>Interiores,</strong></span> <span class='ocrx_word' id='word_1_188' title='bbox 2147 2915 2489 2991; x_wconf 67' lang='lat' dir='ltr'><strong>desperetis</strong></span> 
     </span>
     <span class='ocr_line' id='line_1_26' title="bbox 400 3012 2490 3095; baseline -0.001 -18"><span class='ocrx_word' id='word_1_189' title='bbox 400 3016 851 3095; x_wconf 89' lang='lat' dir='ltr'><strong>campestribus</strong></span> <span class='ocrx_word' id='word_1_190' title='bbox 883 3016 1034 3074; x_wconf 90' lang='lat' dir='ltr'><strong>locis</strong></span> <span class='ocrx_word' id='word_1_191' title='bbox 1063 3024 1315 3091; x_wconf 90' lang='lat' dir='ltr'><strong>propter</strong></span> <span class='ocrx_word' id='word_1_192' title='bbox 1357 3012 1842 3091; x_wconf 60' lang='lat' dir='ltr'><strong>magnitudinem</strong></span> <span class='ocrx_word' id='word_1_193' title='bbox 1891 3014 2317 3087; x_wconf 71' lang='lat' dir='ltr'><strong>monitionum,</strong></span> <span class='ocrx_word' id='word_1_194' title='bbox 2354 3015 2490 3074; x_wconf 91' lang='lat' dir='ltr'><strong>loca</strong></span> 
     </span>
     <span class='ocr_line' id='line_1_27' title="bbox 399 3114 2489 3196; baseline -0.001 -19"><span class='ocrx_word' id='word_1_195' title='bbox 399 3126 730 3195; x_wconf 88' lang='lat' dir='ltr'><strong>praerupta</strong></span> <span class='ocrx_word' id='word_1_196' title='bbox 763 3114 904 3196; x_wconf 85' lang='lat' dir='ltr'><strong>[ex]</strong></span> <span class='ocrx_word' id='word_1_197' title='bbox 953 3120 1216 3173; x_wconf 76' lang='lat' dir='ltr'><strong>ascenso</strong></span> <span class='ocrx_word' id='word_1_198' title='bbox 1259 3123 1593 3190; x_wconf 81' lang='lat' dir='ltr'><strong>temptant3</strong></span> <span class='ocrx_word' id='word_1_199' title='bbox 1639 3115 1758 3173; x_wconf 76' lang='lat' dir='ltr'><strong>hoc</strong></span> <span class='ocrx_word' id='word_1_200' title='bbox 1803 3133 1877 3172; x_wconf 90' lang='lat' dir='ltr'><strong>ea</strong></span> <span class='ocrx_word' id='word_1_201' title='bbox 1920 3134 2080 3191; x_wconf 86' lang='lat' dir='ltr'><strong>quae</strong></span> <span class='ocrx_word' id='word_1_202' title='bbox 2122 3123 2489 3191; x_wconf 73' lang='lat' dir='ltr'><strong>paraverant</strong></span> 
     </span>
     <span class='ocr_line' id='line_1_28' title="bbox 301 3213 2487 3291; baseline -0.001 -14"><span class='ocrx_word' id='word_1_203' title='bbox 301 3232 362 3286; x_wconf 86' lang='lat'><strong>25</strong></span> <span class='ocrx_word' id='word_1_204' title='bbox 398 3218 741 3277; x_wconf 80' lang='lat' dir='ltr'><strong>conferunt.</strong></span> <span class='ocrx_word' id='word_1_205' title='bbox 834 3213 1231 3274; x_wconf 69' lang='lat' dir='ltr'><strong>Multitudine</strong></span> <span class='ocrx_word' id='word_1_206' title='bbox 1289 3216 1549 3273; x_wconf 90' lang='lat' dir='ltr'><strong>telorum</strong></span> <span class='ocrx_word' id='word_1_207' title='bbox 1594 3232 1669 3271; x_wconf 86' lang='lat' dir='ltr'><strong>ex</strong></span> <span class='ocrx_word' id='word_1_208' title='bbox 1714 3213 1981 3273; x_wconf 90' lang='lat' dir='ltr'><strong>turribus</strong></span> <span class='ocrx_word' id='word_1_209' title='bbox 2038 3221 2487 3291; x_wconf 73' lang='lat' dir='ltr'><strong>propugnantis</strong></span> 
     </span>
     <span class='ocr_line' id='line_1_29' title="bbox 353 3313 2486 3392; baseline -0.002 -15"><span class='ocrx_word' id='word_1_210' title='bbox 353 3361 357 3365; x_wconf 78' lang='lat'><em>·</em></span> <span class='ocrx_word' id='word_1_211' title='bbox 398 3317 748 3388; x_wconf 90' lang='lat' dir='ltr'><strong>deturbant,</strong></span> <span class='ocrx_word' id='word_1_212' title='bbox 783 3333 1003 3392; x_wconf 90' lang='lat' dir='ltr'><strong>aggere</strong></span> <span class='ocrx_word' id='word_1_213' title='bbox 1034 3324 1096 3373; x_wconf 92' lang='lat' dir='ltr'><strong>et</strong></span> <span class='ocrx_word' id='word_1_214' title='bbox 1126 3313 1398 3373; x_wconf 60' lang='lat' dir='ltr'><strong>cratibus</strong></span> <span class='ocrx_word' id='word_1_215' title='bbox 1428 3314 1633 3373; x_wconf 65' lang='lat' dir='ltr'><strong>fosseis</strong></span> <span class='ocrx_word' id='word_1_216' title='bbox 1662 3313 1930 3389; x_wconf 85' lang='lat' dir='ltr'><strong>explent,</strong></span> <span class='ocrx_word' id='word_1_217' title='bbox 1963 3313 2229 3374; x_wconf 85' lang='lat' dir='ltr'><strong>falcibus</strong></span> <span class='ocrx_word' id='word_1_218' title='bbox 2259 3314 2486 3374; x_wconf 74' lang='lat' dir='ltr'><strong>vallum</strong></span> 
     </span>
     <span class='ocr_line' id='line_1_30' title="bbox 396 3414 1156 3479; baseline -0.008 0"><span class='ocrx_word' id='word_1_219' title='bbox 396 3438 472 3479; x_wconf 89' lang='lat' dir='ltr'><strong>ac</strong></span> <span class='ocrx_word' id='word_1_220' title='bbox 500 3418 751 3477; x_wconf 89' lang='lat' dir='ltr'><strong>loricam</strong></span> <span class='ocrx_word' id='word_1_221' title='bbox 781 3414 1156 3475; x_wconf 90' lang='lat' dir='ltr'><strong>rescindunt.</strong></span> 
     </span>
    </p>
   </div>
   <div class='ocr_carea' id='block_1_7' title="bbox 840 3579 2038 3631">
    <p class='ocr_par' dir='ltr' id='par_1_7' title="bbox 840 3579 2038 3631">
     <span class='ocr_line' id='line_1_31' title="bbox 840 3579 2038 3631; baseline -0.001 -9"><span class='ocrx_word' id='word_1_222' title='bbox 840 3580 935 3622; x_wconf 78' lang='lat' dir='ltr'><strong>His</strong></span> <span class='ocrx_word' id='word_1_223' title='bbox 951 3580 1173 3631; x_wconf 78' lang='lat' dir='ltr'><strong>Activity</strong></span> <span class='ocrx_word' id='word_1_224' title='bbox 1200 3581 1251 3621; x_wconf 84' lang='lat' dir='ltr'><strong>in</strong></span> <span class='ocrx_word' id='word_1_225' title='bbox 1279 3580 1490 3621; x_wconf 80' lang='lat' dir='ltr'><strong>various</strong></span> <span class='ocrx_word' id='word_1_226' title='bbox 1520 3580 1664 3621; x_wconf 82' lang='lat' dir='ltr'><strong>Parts</strong></span> <span class='ocrx_word' id='word_1_227' title='bbox 1691 3579 1744 3620; x_wconf 73' lang='lat' dir='ltr'><strong>of</strong></span> <span class='ocrx_word' id='word_1_228' title='bbox 1770 3580 1855 3621; x_wconf 84' lang='lat' dir='ltr'><strong>the</strong></span> <span class='ocrx_word' id='word_1_229' title='bbox 1883 3580 2038 3621; x_wconf 77' lang='lat' dir='ltr'><strong>Field.</strong></span> 
     </span>
    </p>
   </div>
   <div class='ocr_carea' id='block_1_8' title="bbox 397 3681 2487 3862">
    <p class='ocr_par' dir='ltr' id='par_1_8' title="bbox 397 3681 2487 3862">
     <span class='ocr_line' id='line_1_32' title="bbox 476 3681 2487 3759; baseline -0.001 -15"><span class='ocrx_word' id='word_1_230' title='bbox 476 3693 573 3744; x_wconf 83' lang='lat'><strong>87.</strong></span> <span class='ocrx_word' id='word_1_231' title='bbox 636 3682 829 3742; x_wconf 90' lang='lat' dir='ltr'><strong>Mittit</strong></span> <span class='ocrx_word' id='word_1_232' title='bbox 861 3691 1121 3759; x_wconf 90' lang='lat' dir='ltr'><strong>primum</strong></span> <span class='ocrx_word' id='word_1_233' title='bbox 1156 3683 1405 3740; x_wconf 72' lang='lat' dir='ltr'><strong>Brfltum</strong></span> <span class='ocrx_word' id='word_1_234' title='bbox 1452 3681 1915 3739; x_wconf 88' lang='lat' dir='ltr'><strong>adulescentem</strong></span> <span class='ocrx_word' id='word_1_235' title='bbox 1960 3700 2098 3740; x_wconf 89' lang='lat' dir='ltr'><strong>cum</strong></span> <span class='ocrx_word' id='word_1_236' title='bbox 2131 3681 2487 3743; x_wconf 87' lang='lat' dir='ltr'><strong>cohortibus</strong></span> 
     </span>
     <span class='ocr_line' id='line_1_33' title="bbox 397 3780 2484 3862; baseline -0.002 -16"><span class='ocrx_word' id='word_1_237' title='bbox 397 3787 645 3858; x_wconf 91' lang='lat' dir='ltr'><strong>Caesar,</strong></span> <span class='ocrx_word' id='word_1_238' title='bbox 677 3792 822 3862; x_wconf 91' lang='lat' dir='ltr'><strong>post</strong></span> <span class='ocrx_word' id='word_1_239' title='bbox 851 3801 991 3843; x_wconf 90' lang='lat' dir='ltr'><strong>cum</strong></span> <span class='ocrx_word' id='word_1_240' title='bbox 1037 3781 1173 3841; x_wconf 91' lang='lat' dir='ltr'><strong>aliis</strong></span> <span class='ocrx_word' id='word_1_241' title='bbox 1219 3784 1288 3842; x_wconf 96' lang='lat' dir='ltr'><strong>C.</strong></span> <span class='ocrx_word' id='word_1_242' title='bbox 1339 3781 1595 3841; x_wconf 90' lang='lat' dir='ltr'><strong>Fabium</strong></span> <span class='ocrx_word' id='word_1_243' title='bbox 1642 3780 1940 3859; x_wconf 64' lang='lat' dir='ltr'><strong>legetum3</strong></span> <span class='ocrx_word' id='word_1_244' title='bbox 1988 3788 2302 3858; x_wconf 88' lang='lat' dir='ltr'><strong>postremo</strong></span> <span class='ocrx_word' id='word_1_245' title='bbox 2332 3781 2484 3859; x_wconf 91' lang='lat' dir='ltr'><strong>ipse,</strong></span> 
     </span>
    </p>
   </div>
  </div>
 </body>
</html>
