2819 4297
291 284 345 331 Β.
368 283 432 332 G.
455 283 547 331 VI.
577 281 674 349 10.]
746 271 1005 338 Second
1027 273 1429 355 Expedition
1465 273 1601 335 into
1640 272 1988 353 Germany.
2255 271 2376 351 163

284 471 442 534 rant,
477 462 781 540 purgandi
801 458 820 492 ¹
840 471 936 522 sui
961 471 1150 522 causa
1181 463 1259 522 ad
1281 481 1419 521 eum
1447 462 1684 540 legatos
1709 461 1961 520 mittunt
1985 468 2091 537 qui
2115 460 2382 519 doceant

284 581 490 639 neque
520 562 746 621 auxilia
776 582 851 623 ex
881 572 993 622 sua
1024 564 1270 622 civitate
1303 564 1366 621 in
1399 564 1705 622 Treveros
1748 562 1940 620 missa
1970 579 2171 636 neque
2203 560 2280 618 ab
2312 566 2379 618 se

283 663 471 723 fidem
501 661 734 721 laesam
765 658 821 721 :²
862 673 1080 740 petunt
1110 673 1296 740 atque
1342 671 1520 723 orant
1564 673 1631 723 ut
1670 662 1789 722 sibi
1820 671 2053 739 parcat,
2113 667 2190 719 ne
2222 678 2380 718 com-

284 771 457 822 muni
487 762 635 822 odio
683 764 1130 823 Germanorum
1177 763 1544 823 innocentes
1587 771 1699 841 pro
1743 763 2113 824 nocentibus
2144 769 2380 838 poenas

284 862 564 940 pendant
585 886 599 934 ;
623 858 645 893 ³
687 871 740 922 si
772 864 1036 939 amplius
1068 864 1355 923 obsidum
1386 864 1534 924 velit
1564 865 1715 937 dari,
1748 864 2133 941 pollicentur.
2223 863 2381 938 Cog-
2450 876 2479 930 5

284 963 417 1022 nite
471 964 706 1023 Caesar
756 971 945 1023 causa
995 963 1224 1040 reperit
1280 965 1358 1023 ab
1414 966 1632 1024 Suevis
1683 964 1909 1023 auxilia
1958 963 2147 1022 missa
2205 981 2377 1035 esse;

286 1061 597 1122 Ubiorum
628 1061 1162 1124 satisfactionem4
1199 1063 1466 1142 accipit;
1512 1065 1713 1125 aditos
1757 1064 2015 1141 viasque
2047 1064 2109 1123 in
2144 1064 2379 1122 Suevos

281 1159 627 1239 perquirit.⁵

451 1361 531 1403 He
558 1362 746 1404 Lean-na
773 1362 902 1404 from
928 1363 1015 1405 the
1044 1363 1159 1405 Ubii
1185 1364 1296 1404 that
1322 1364 1408 1404 the
1437 1364 1584 1405 suevi
1611 1363 1740 1404 have
1767 1363 2028 1404 Retreated
2053 1366 2107 1404 to
2132 1362 2220 1404 the

1121 1430 1296 1471 For-est
1322 1430 1548 1471 Bacenis.

366 1572 463 1622 10.
515 1564 769 1625 Interim
799 1574 1015 1643 paucis
1047 1575 1189 1643 post
1219 1565 1439 1625 diebus
1469 1567 1538 1624 fit
1561 1567 1641 1625 ab
1672 1565 1857 1625 Ubiis
1885 1565 2111 1625 certior
2143 1566 2379 1624 Suevos

281 1675 488 1725 omnis
534 1665 599 1723 in
643 1675 830 1724 unum
876 1666 1079 1726 locum
1123 1665 1339 1742 copias
1382 1673 1621 1743 cogere,
1656 1676 1841 1742 atque
1886 1674 1979 1725 eis
2024 1664 2380 1724 nationibus
2421 1687 2481 1722 10

282 1785 445 1843 quae
475 1766 592 1825 sub
624 1773 836 1825 eorum
868 1766 992 1825 sint
1021 1766 1279 1842 imperio
1320 1766 1685 1826 denuntiare
1717 1776 1784 1825 ut
1812 1765 2039 1824 auxilia
2069 1765 2381 1842 peditatus

283 1866 722 1943 equitatusque
754 1866 1018 1926 mittant.
1113 1868 1235 1925 His
1265 1866 1534 1944 cognitis
1565 1867 1748 1925 rebus
1770 1885 1896 1925 rem
1921 1864 2376 1924 frumentariam

283 1965 584 2042 providet,
631 1974 852 2025 castris
896 1961 1232 2025 idoneum⁶
1260 1967 1463 2025 locum
1508 1965 1740 2042 deligit,
1781 1965 1965 2024 Ubiis
2010 1964 2271 2041 imperat
2313 1972 2382 2022 ut

282 2084 511 2142 pecora
539 2066 853 2125 deducant
883 2085 1118 2143 suaque
1150 2066 1358 2126 omnia
1390 2085 1465 2126 ex
1489 2074 1654 2143 agris
1679 2065 1740 2122 in
1774 2064 2006 2142 oppida
2034 2063 2377 2136 conferant,

282 2174 642 2244 —sperans
674 2168 970 2226 barbaros
1002 2177 1189 2244 atque
1221 2167 1541 2244 imperitos
1572 2166 1853 2225 homines
1885 2165 2095 2240 inopie
2126 2163 2380 2223 cibario·
2420 2191 2480 2245 15

284 2264 458 2326 rum⁷
508 2267 812 2326 adductos
868 2268 947 2325 ad
999 2266 1276 2343 iniquam
1328 2266 1646 2344 pugnandi
1705 2264 2135 2325 condicionem
2193 2281 2378 2340 posse

284 2485 569 2543 quaeque
599 2467 765 2543 apud
798 2474 906 2526 eos
936 2477 1228 2544 gerantur
1264 2462 1690 2543 cognoscant.⁹
1777 2467 1876 2525 Illi
1907 2466 2205 2542 imperata
2233 2462 2379 2522 faci-

284 2575 397 2625 unt
427 2576 490 2626 et
518 2575 735 2643 paucis
766 2567 986 2626 diebus
1018 2567 1384 2625 intermissis
1415 2562 1776 2626 referunt:¹⁰
1862 2572 1877 2600 ‘
1901 2567 2135 2625 Suevos
2156 2572 2374 2636 omniS,

284 2675 694 2743 posteaquam
739 2668 1034 2726 certiores
1079 2667 1280 2726 nuntii
1311 2668 1387 2725 de
1434 2666 1704 2726 exercitt]
1752 2668 2173 2726 Romanorum
2204 2672 2381 2724 vene·
2417 2684 2479 2721 20

283 2766 422 2839 rint,
458 2786 597 2825 cum
627 2767 915 2826 omnibus
947 2776 1075 2826 suis
1120 2767 1550 2843 sociorumque
1592 2766 1788 2843 copiis
1822 2776 1976 2843 quas
2007 2766 2375 2843 coegissent,

285 2867 532 2943 penitus
574 2868 653 2925 ad
697 2874 1003 2927 extremos
1024 2864 1062 2898 ¹¹
1105 2867 1253 2925 finis
1299 2874 1365 2925 se
1411 2866 1717 2943 recepisse
1747 2862 1822 2938 3¹²
1862 2866 2077 2924 silvam
2123 2884 2262 2924 esse
2293 2864 2378 2923 ibi

283 2967 533 3026 infinito.
580 2967 1021 3045 magnitudine,
1065 2986 1225 3043 quae
1267 2967 1612 3043 appellatur
1655 2965 1943 3038 Baceni53
1983 2966 2144 3024 hanc
2195 2965 2376 3042 longe

283 3068 584 3127 introrsus
604 3064 646 3099 ¹³
675 3068 999 3144 pertinere,
1022 3077 1084 3127 et
1106 3075 1216 3143 pro
1248 3074 1462 3125 nativo
1492 3074 1665 3125 mfiro
1689 3066 1994 3125 obiectam
2027 3065 2378 3125 Cheruscos

283 3168 363 3226 ab
399 3168 736 3227 Suevorum
771 3169 1130 3244 Suevosque
1156 3168 1232 3226 ab
1268 3167 1722 3226 Cheruscorum
1753 3165 1990 3224 iniuriis
2020 3153 2378 3225 incursioni·
2416 3189 2477 3244 ²5

283 3269 526 3343 busque
557 3267 916 3344 prohibere;
964 3268 1043 3325 ad
1074 3268 1205 3326 eius
1231 3266 1420 3326 silvae
1446 3266 1686 3326 initium
1720 3267 1956 3326 Suevos
1987 3261 2382 3325 adventum¹⁴

285 3369 710 3427 Romanorum
740 3376 1096 3443 exspectare
1127 3366 1566 3427 constituisse!

366 3532 451 3583 Cf.
475 3531 496 3566 1
520 3533 833 3586 excosandi.
849 3531 951 3570 —2
973 3532 1257 3585 violatam.
1270 3530 1371 3568 —8
1395 3533 1728 3597 persolvant.
1747 3561 1816 3569 —-
1829 3531 1852 3566 4
1876 3532 2295 3585 excfisitionem.
2313 3560 2380 3569 —-

278 3615 301 3651 ⁶
319 3617 586 3682 explorat.
598 3617 701 3654 -θ
724 3632 846 3681 opp.
867 3617 1135 3680 iniquum.
1152 3644 1221 3652 —
1233 3615 1253 3649 ⁷
1272 3618 1450 3667 rerum
1473 3614 1969 3668 fromentiriirum.
2009 3644 2077 3651 —
2090 3615 2110 3647 ⁸
2131 3614 2381 3679 frequen-

278 3702 386 3754 tes.
410 3728 481 3737 —
499 3699 523 3733 ⁹
545 3701 881 3766 perquirant.
908 3728 976 3737 —
997 3699 1040 3732 ¹⁰
1074 3698 1345 3751 deterunt.
1370 3726 1439 3735 —
1461 3696 1506 3732 11
1538 3699 1782 3752 ultimos.
1806 3727 1874 3736 —
1894 3697 1939 3732 ²2
1973 3699 2286 3752 contulisse.
2310 3724 2378 3735 —·

280 3783 325 3818 ¹⁸
347 3785 586 3850 penitus·
600 3812 668 3821 —
681 3783 724 3817 1⁴
747 3800 871 3848 opp.
899 3781 1308 3848 profectionem.
