2819 4297
395 294 476 352 1'0
1132 282 1266 354 The
1318 265 1552 398 qulic'
1582 284 1752 356 War.
2250 295 2483 365 [Cassan

845 539 948 581 The
977 540 1192 581 Helvetii
1220 540 1445 592 Attempt
1470 545 1523 582 to
1551 539 1698 583 Crosa
1725 541 1809 582 the
1837 532 2015 584 Saone.

468 664 561 714 12.
625 658 880 716 Fh‘imen
940 669 1035 718 est
1094 660 1268 733 Arar,
1331 660 1500 736 quod
1565 679 1674 738 per
1731 660 1877 718 finis
1939 659 2343 720 Haeduorum
2417 668 2478 719 et

387 759 810 833 Sequanorum
864 759 927 820 in
988 746 1361 819 Rhodanum
1423 760 1640 833 influit,
1703 760 2047 819 incredibili
2098 759 2350 819 lenitate
2391 759 2474 818 ita

384 867 450 917 ut
508 859 704 917 oculis
751 859 810 916 in
858 868 1054 918 utram
1113 870 1349 936 partem
1411 861 1561 920 fluat
1621 860 1876 920 iudicari
1924 868 2048 919 non
2091 860 2309 936 possit.
2401 862 2474 918 ld

387 957 663 1017 Helvetii
713 960 946 1018 ratibus
995 979 1071 1020 ac
1122 960 1408 1020 lintribus
1462 961 1686 1020 iunctis
1742 961 2103 1020 transibant.
2196 959 2321 1018 Ubi
2366 979 2475 1036 per

319 1077 345 1128 5
382 1059 797 1135 exploratores
831 1062 1063 1120 Caesar
1099 1061 1319 1121 certior
1357 1062 1561 1120 factus
1604 1069 1700 1120 est
1745 1068 1870 1120 tres
1915 1060 2033 1119 iam
2079 1069 2271 1139 partis
2313 1060 2474 1137 copi-

380 1167 554 1219 arum
588 1159 912 1220 Helvetios
957 1161 1020 1220 id
1057 1161 1283 1220 flumen
1327 1157 1716 1234 traduxisse,¹
1747 1171 2026 1238 quartam
2063 1162 2192 1220 fere
2236 1170 2473 1237 partem

381 1261 533 1319 citra¹
574 1259 801 1319 flumen
852 1261 1095 1320 Ararim
1153 1262 1453 1338 reliquam
1505 1281 1662 1335 esse,
1724 1262 1801 1320 de
1848 1262 2030 1321 tertia
2074 1260 2283 1337 vigilia
2333 1279 2471 1319 cum

382 1360 726 1437 legionibus
775 1362 970 1420 tribus
1015 1369 1048 1420 ἐ
1094 1371 1311 1421 castris
1355 1358 1715 1438 profectuS‚²
1758 1362 1836 1420 ad
1881 1380 2017 1420 eam
2062 1370 2297 1436 partem
2343 1379 2471 1436 per-

381 1459 548 1519 venit
580 1480 739 1536 quae
771 1461 1047 1521 nondum
1077 1462 1300 1521 flumen
1335 1461 1680 1521 transierat.

445 1625 610 1667 Caesar
637 1627 756 1668 Cute
783 1632 835 1668 to
865 1627 1032 1668 Pieces
1060 1638 1089 1668 a
1118 1628 1234 1668 Part
1260 1626 1363 1675 (the
1390 1627 1645 1678 Tigurini),
1675 1626 1810 1667 Who
1837 1626 1934 1667 had
1961 1631 2047 1667 not
2072 1631 2157 1677 yet
2184 1626 2408 1667 erossed.

285 1785 346 1821 10
467 1764 589 1821 Eos
631 1763 961 1840 impeditos
1005 1773 1068 1823 et
1112 1764 1492 1839 inopinantis
1545 1763 1875 1839 adgressus
1907 1770 2192 1839 magnam
2234 1772 2471 1839 partem

381 1870 591 1922 eorum
643 1864 914 1923 concidit
947 1888 960 1934 ;
1034 1864 1250 1940 reliqui
1309 1870 1447 1922 sese
1503 1864 1687 1940 fugae
1745 1863 2115 1948 mandarunt
2162 1872 2347 1938 atque
2408 1862 2468 1919 in

381 1963 691 2039 proximas
714 1959 737 1994 ⁸
767 1964 952 2023 silvas
987 1964 1372 2023 abdiderunt.
1466 1966 1530 2022 Is
1561 1972 1757 2040 pagus
1789 1962 2219 2041 appellabatur
2237 1963 2471 2039 Tiguri-

382 2083 533 2132 nus;
580 2083 720 2122 nam
767 2065 966 2123 omnis
1013 2064 1229 2123 civitas
1264 2064 1555 2123 Helvetia
1598 2063 1661 2122 in
1706 2073 1995 2141 quattuor
2036 2070 2230 2140 pagos
2275 2062 2471 2121 divisa

381 2175 493 2224 est.
587 2167 710 2225 Hic
738 2174 934 2244 pagus
967 2176 1141 2238 finus,
1169 2185 1307 2224 cum
1340 2166 1528 2225 domo
1559 2162 1830 2237 exisset,⁴
1851 2174 2091 2242 patrum
2126 2171 2468 2223 nostrorum

286 2285 346 2340 ¹5
382 2266 676 2325 memoria
709 2268 776 2325 L.
805 2266 1088 2326 Cassium
1122 2266 1440 2324 consulem
1472 2265 1863 2324 interfecerat
1894 2264 2108 2322 eteius
2138 2263 2470 2321 exercitum

382 2365 497 2423 sub
529 2364 736 2442 iugum
767 2375 1032 2425 miserat.

779 2530 914 2571 Thus
941 2531 1002 2571 he
1031 2530 1205 2581 Wipes
1229 2536 1313 2571 out
1340 2542 1369 2571 a
1397 2531 1796 2581 nerag-standing
1820 2530 2068 2580 Disgrace.

465 2669 564 2726 Ita
587 2676 715 2727 sive
745 2676 893 2727 cassi
925 2677 1054 2727 sive
1086 2666 1348 2726 consilio
1378 2667 1633 2726 deorum
1668 2664 2115 2736 immortalium,
2138 2684 2296 2741 quae
2326 2684 2470 2741 pars

579 3317 677 3358 Fre.
698 3318 735 3358 8.
751 3338 802 3346 —
816 3316 935 3360 Com
961 3328 1018 3357 οι*
1045 3317 1166 3358 Ριεο.
1273 3347 1276 3348 ⁷
1600 3314 1696 3354 Fre..
1717 3328 1753 3363 9.
1768 3311 1948 3353 —Com
1975 3323 2032 3352 οι*
2059 3311 2263 3353 Cassius.

376 3470 643 3531 civitatis
694 3469 1021 3529 Helvetiae
1072 3477 1376 3546 insignem
1430 3465 1836 3527 calamitatem
1896 3465 2126 3542 populo
2179 3466 2467 3524 Romans>

377 3568 708 3642 intulerat‚⁶
750 3588 823 3628 ea
858 3577 1147 3646 princeps
1189 3576 1425 3645 poenas
1469 3565 1777 3644 persolvit.
1867 3566 2009 3640 Qua
2044 3564 2105 3622 in
2137 3571 2201 3623 re
2234 3566 2467 3623 Caesar

455 3721 540 3771 Cf.
564 3720 584 3755 ¹
608 3721 980 3785 traduxerant,
1005 3735 1055 3783 p.
1078 3733 1124 3783 9,
1148 3719 1264 3767 l.12.
1283 3747 1351 3755 —
1366 3716 1389 3749 2
1414 3716 1697 3782 proficisci,
1720 3715 1766 3774 6,
1786 3728 1858 3781 15.
1875 3713 1975 3751 -8
1998 3715 2323 3779 proximum,
2343 3726 2391 3776 9,
2421 3726 2463 3761 1.

373 3804 396 3840 ⁴
417 3806 583 3871 exire,
613 3817 655 3871 5,
680 3818 726 3891 ἲ.
742 3834 809 3841 -
825 3802 848 3837 ⁵
871 3802 1088 3867 inferre,
1116 3815 1162 3861 2,
1189 3815 1266 3863 24·
