2819 4297
275 294 341 344 B.
362 293 427 343 G.
448 292 543 340 IV.
572 290 674 356 14·]
764 275 1126 362 Campazgn
1156 276 1430 361 against
1461 277 1567 340 tlte
1604 276 1942 341 Germans.
2248 296 2367 344 101

277 474 681 534 intulissent:
746 480 1102 549 exspectare
1161 477 1323 544 vero,
1389 470 1537 529 dum
1594 470 1864 530 hostiurn
1922 471 2139 548 copiae
2198 478 2376 550 auge—

279 571 531 636 rentur¹
577 573 1012 652 equitatusque
1064 578 1489 644 reverteretur,
1519 590 1794 631 summae
1842 572 2190 632 dementiae
2236 591 2376 633 esse

280 676 635 749 iudicabam
698 684 759 733 et
804 673 1054 751 cognita
1112 673 1434 733 Gallorum
1486 671 1841 730 infirmitate
1902 681 2200 749 quantum
2252 672 2375 733 iarn

283 777 451 854 apud
504 784 612 836 eos
659 775 871 834 hostes
916 781 1042 834 sino
1093 774 1328 851 proelio
1376 772 1760 832 auctoritatis
1806 782 2015 833 essent
2058 781 2375 835 consecuti

284 877 635 948 sentiebam
684 875 909 951 quibus
955 876 1035 934 ad
1066 874 1326 934 consilia
1360 873 1665 950 capienda
1696 873 1851 932 nihil
1895 883 2056 951 spati
2100 874 2374 935 dandum

289 976 698 1039 existimabat.
791 977 913 1034 His
959 975 1310 1034 constitutis
1355 974 1541 1032 rebus
1586 983 1648 1032 et
1693 974 1954 1034 consilio
1986 994 2124 1034 cum
2156 976 2374 1053 legatis

290 1088 353 1138 et
398 1084 724 1155 quaestore
769 1074 1234 1146 communicato,
1269 1080 1348 1133 ne
1394 1093 1577 1150 quem
1616 1074 1779 1133 diem
1824 1084 2067 1152 pugnae
2111 1086 2374 1152 praeter-

287 1179 573 1251 mitteret,
628 1175 1152 1253 opportsmissima
1209 1181 1306 1233 res
1366 1174 1609 1248 accidit,
1664 1174 1830 1250 quod
1883 1176 2184 1252 postridie
2243 1177 2374 1237 eius

286 1279 413 1340 diei
463 1287 642 1337 mane
695 1277 911 1335 eadem
961 1284 1024 1335 et
1067 1275 1327 1352 perfidia
1376 1285 1440 1335 et
1492 1274 1885 1334 simulatione
1937 1284 2030 1334 fisi
2081 1277 2373 1336 Germani

286 1380 662 1456 frequentes,
698 1376 985 1435 omnibus
1029 1375 1414 1452 principibus
1458 1375 1915 1453 maioribusque
1962 1385 2109 1435 niitfi
2140 1377 2373 1437 adhibi-

288 1490 388 1555 tiS,
437 1480 516 1538 ad
562 1498 701 1539 eum
745 1478 809 1537 in
853 1488 1056 1537 castra
1099 1484 1438 1537 venerunt:
1501 1476 1699 1549 simul,
1749 1486 1814 1535 ut
1860 1477 2195 1551 dicebatur,
2240 1487 2376 1556 pfir-

286 1578 519 1662 gandi²
547 1588 643 1640 sui
687 1589 890 1652 causa,
925 1580 1092 1656 quod
1140 1578 1383 1659 (contra
1427 1587 1613 1654 atque
1657 1587 1824 1637 esset
1870 1578 2103 1637 dictum
2149 1588 2211 1638 et
2256 1581 2374 1658 ipsi

291 1685 624 1763 petissent)
652 1683 951 1760 proelium
995 1683 1193 1759 pridie
1239 1681 1733 1754 commisissent3
1782 1680 1963 1739 simul
2008 1691 2091 1754 ut,
2127 1689 2180 1740 si
2225 1682 2375 1758 quid

287 1794 562 1864 possent,
625 1785 704 1844 de
778 1783 1030 1843 indutiis
1102 1778 1420 1841 fallend6³
1477 1782 1891 1858 impetrarent.
2011 1782 2187 1858 Quos
2256 1782 2375 1842 sibi

289 1890 522 1948 Caesar
578 1888 822 1947 oblatos
879 1895 1129 1964 gavisus
1187 1885 1326 1945 illos
1383 1884 1635 1944 retineri
1694 1884 1905 1959 iussit;
1981 1885 2112 1962 ipse
2172 1892 2373 1943 omnis

288 1989 501 2065 copias
545 1997 763 2048 castris
815 1987 1024 2047 eduxit
1084 1986 1565 2062 equitatumque,
1623 1986 1792 2063 quod
1849 1993 2081 2045 recenti
2139 1982 2375 2060 proelio

287 2089 675 2166 perterritum
706 2106 845 2148 esse
876 2086 1282 2160 existimabat,
1317 2105 1538 2163 agmen
1570 2086 1865 2163 subsequi
1896 2083 2090 2145 iussit.

838 2256 1004 2298 Caesnr
1030 2256 1279 2306 surprises
1305 2254 1390 2295 the
1418 2253 1628 2295 German
1657 2252 1824 2304 Camp.

376 2385 469 2434 14.
530 2376 682 2436 Acie
711 2375 934 2453 triplici
979 2373 1257 2433 instituta
1287 2384 1349 2434 et
1394 2373 1674 2433 celeriter
1716 2391 1835 2432 vm
1882 2374 2112 2432 milium
2160 2373 2376 2434 itinere

293 2478 597 2549 confecto,
658 2477 828 2552 prius
887 2475 966 2534 ad
1033 2475 1299 2533 hostium
1368 2483 1572 2533 castra
1629 2474 1909 2550 pervenit
1985 2494 2168 2550 quam
2227 2474 2378 2550 quid

295 2583 578 2654 ageretur
636 2577 931 2635 Germani
990 2583 1218 2634 sentire
1275 2583 1553 2652 possent.
1666 2573 1789 2649 Qui
1848 2575 2135 2634 omnibus
2194 2575 2379 2633 rebus

293 2676 503 2736 subito
553 2676 854 2753 perterriti
906 2682 967 2734 et
1019 2675 1332 2734 celeritate
1386 2674 1687 2733 adventus
1741 2683 1934 2733 nostri
1985 2685 2047 2734 et
2099 2674 2381 2734 discessu

294 2784 563 2850 suorum,
597 2794 796 2852 neque
840 2776 1061 2835 consili
1107 2774 1378 2834 habendi
1413 2794 1611 2851 neque
1658 2794 1824 2833 arma
1859 2775 2146 2852 capiendi
2178 2776 2381 2853 spatio

295 2877 445 2937 dato
501 2876 947 2953 perturbantur,
1011 2877 1303 2953 copiasne
1363 2876 1659 2935 adversus
1719 2874 1959 2934 hostem
2019 2876 2243 2936 ducere
2302 2896 2382 2934 an

295 2985 499 3037 castra
528 2978 861 3036 defendere
894 2996 970 3035 an
1017 2978 1165 3053 fuga
1195 2977 1455 3036 saltitem
1496 2986 1707 3053 petere
1750 2973 2134 3053 praestaret.⁴
2219 2976 2384 3052 Quo-

295 3095 430 3136 rum
474 3076 657 3136 timor
698 3095 837 3136 cum
887 3077 1134 3136 fremitu
1178 3086 1240 3136 et
1283 3086 1587 3136 concursu
1644 3077 2108 3153 significaretur,
2157 3078 2382 3136 milites

299 3187 492 3238 nostri
542 3177 786 3255 pristini
838 3177 962 3236 diei
1013 3179 1270 3254 perfidia
1327 3177 1564 3236 incitati
1624 3176 1689 3235 in
1747 3186 1947 3236 castra
2004 3176 2378 3255 inruperunt.

300 3279 442 3353 Quo
491 3278 631 3339 loco
683 3286 789 3354 qui
847 3277 1127 3337 celeriter
1184 3296 1352 3336 arma
1404 3297 1626 3354 capere
1683 3285 2015 3355 potuerunt
2072 3279 2384 3357 paulisper

298 3388 524 3438 nostris
568 3379 925 3438 restiterunt
959 3387 1143 3454 atque
1176 3378 1334 3437 inter
1364 3385 1572 3437 carros
1618 3378 2183 3455 impedimentaque
2213 3400 2384 3457 proe-

299 3478 445 3538 lium
489 3485 961 3551 commiserunt;
1023 3488 1087 3537 at
1130 3478 1363 3553 reliqua
1407 3477 1736 3538 multitudo
1793 3486 2120 3555 puerorum
2178 3481 2384 3540 mulie-

2413 1398 2474 1434 10

2413 1906 2473 1961 Ι5

2415 2594 2475 2630 2(

2420 3092 2481 3145 ²5

301 3598 560 3657 rumque
588 3613 674 3624 —-
703 3598 846 3637 nam
933 3598 1070 3637 cum
1145 3578 1432 3636 omnibus
1517 3587 1644 3636 suis
1732 3579 1917 3638 domo
1991 3589 2385 3639 excesserant
2419 3592 2486 3643 30

385 3730 468 3778 Cf.
493 3729 741 3793 laugeri,
768 3745 820 3792 p.
846 3743 927 3792 90,
951 3729 982 3776 1.
1011 3742 1087 3776 22.
1107 3726 1477 3791 —2purgati,
1506 3738 1583 3790 25,
1609 3727 1654 3776 6.
1674 3727 1781 3764 —8
1804 3726 2090 3794 fefellisse,
2119 3728 2196 3796 56,
2227 3742 2303 3794 14.
2319 3754 2389 3766 —-

299 3810 322 3844 ⁴
345 3814 640 3882 praestare,
678 3825 875 3875 71,14.
927 3845 932 3850 .
