2819 4297
392 277 472 347 52
1126 264 1258 328 The
1310 264 1528 328 Gallz'c
1572 265 1739 328 War.
2112 238 2119 245 θ
2251 274 2480 342 [CAESAR

387 456 651 517 maxime
696 457 813 518 feri
856 455 1015 518 inter
1064 458 1235 535 ipsos
1285 430 1633 526 habeantur
1683 455 2164 534 longissimeque
2217 452 2480 547 {Qil

390 557 741 634 quindecim
771 558 939 617 milia
973 559 1321 631 Atrebate&
1354 544 1700 641 Ᾱῐῌρἰξῌρὃ
1731 558 1946 617 decem
1977 556 2164 631 milia,
2199 557 2482 617 Morinos

391 676 521 718 xxv
551 659 734 732 milia,
761 658 1087 735 Menapios
1120 676 1208 717 vn
1240 657 1424 730 milia,
1490 658 1741 718 Caletos
1773 676 1818 716 x
1847 658 2031 730 milia,
2089 657 2480 717 Veliocasses

391 768 453 819 et
480 758 939 818 Viromanduos
970 759 1243 829 totidem,
1301 759 1664 818 Aduatucos
1694 759 1910 819 decem
1941 769 2003 818 et
2033 776 2253 818 novem
2285 757 2478 831 milia;

329 881 358 935 5
394 858 769 931 CondrusoS‚
806 859 1144 933 Eburones,
1179 860 1502 931 Caerosos,
1537 861 1900 931 PaemanoS‚
1934 867 2039 934 qui
2076 865 2199 917 uno
2231 857 2481 918 nomine

393 961 685 1019 Germani
717 957 1149 1037 appellantur,²
1177 929 1574 1019 arbitrafiziil
1601 977 1686 1018 xt.
1716 959 1899 1020 milia.

683 1124 850 1167 Cesar
880 1125 1109 1167 Marches
1136 1129 1190 1167 to
1216 1125 1302 1166 the
1326 1124 1497 1175 Aiane,
1526 1126 1623 1167 and
1651 1125 1897 1177 Encamps
1922 1125 2116 1176 beyond
2140 1125 2195 1167 it.

476 1272 528 1320 5.
600 1263 832 1323 Caesar
855 1265 1087 1323 Remos
1111 1264 1469 1322 cohortatus
1500 1262 1951 1340 liberaliterque
1976 1262 2252 1323 oratione
2277 1269 2483 1339 prose·

392 1372 586 1435 cutuS,
609 1382 853 1423 omnem
886 1372 1166 1422 senatum
1185 1363 1268 1422 ad
1298 1369 1364 1422 se
1395 1372 1725 1422 convenire
1755 1363 2222 1440 principumque
2254 1362 2483 1421 liberos

394 1463 645 1522 obsides
677 1464 755 1522 ad
787 1470 854 1522 se
885 1463 1110 1521 adduci
1140 1462 1334 1522 iussit.
1426 1462 1604 1536 Quae
1634 1463 1840 1521 omnia
1892 1463 1970 1520 ab
2016 1462 2113 1520 his
2158 1461 2482 1537 diligenter

298 1586 358 1620 10
394 1562 473 1621 ad
497 1562 660 1620 diem
683 1563 849 1621 facta
872 1572 1033 1622 sunt.
1118 1564 1263 1638 Ipse
1296 1561 1680 1621 Diviciacum
1714 1562 2049 1620 Haeduum
2080 1555 2484 1636 magnopere³

394 1662 746 1721 cohortatus
798 1663 980 1721 docet
1034 1668 1269 1737 quanto
1317 1680 1504 1738 opere
1555 1670 1643 1719 rei
1693 1661 1974 1738 publicae
2020 1661 2481 1736 communisque

396 1758 651 1821 salutis⁴
707 1762 945 1821 intersit
1003 1760 1265 1820 manus‘⁵
1315 1761 1587 1820 hostium
1638 1761 1934 1834 distineri,
1990 1769 2067 1821 ne
2118 1781 2258 1821 cum
2309 1769 2483 1820 tanta

362 1862 785 1921 'multitudine
817 1870 940 1922 uno
985 1872 1258 1939 tempore
1302 1862 1763 1940 confligendum
1808 1848 1974 1943 sibl]
1997 1863 2072 1922 ld
2103 1864 2233 1922 fieri
2278 1881 2480 1939 posse,

332 2002 354 2027 .-
397 1972 450 2023 si
494 1971 637 2022 suas
682 1964 894 2041 copias
938 1964 1188 2023 Haedui
1233 1962 1297 2021 in
1337 1964 1486 2021 finis
1529 1963 1992 2024 Bellovacorum
2037 1963 2484 2023 introduxerint

299 2077 360 2131 15
397 2074 458 2123 et
481 2071 693 2124 eorum
718 2071 898 2142 agros
921 2064 1204 2142 populari
1224 2062 1247 2096 ⁶
1268 2064 1601 2141 coeperint.
1682 2066 1804 2124 His
1828 2067 1988 2123 datis
2013 2064 2318 2123 mandatis
2343 2082 2482 2122 eum

396 2174 434 2225 5,
478 2173 545 2226 se
588 2167 859 2225 dimittit.
952 2168 1288 2242 Postquam
1329 2175 1531 2226 omnis
1576 2167 1898 2244 Belgarum
1937 2168 2151 2242 copias
2191 2165 2253 2223 in
2296 2175 2481 2223 unum

397 2266 599 2326 locum
637 2264 922 2326 coactas⁷
953 2266 1032 2325 ad
1062 2274 1129 2325 se
1158 2275 1366 2327 venire
1402 2266 1624 2347 [vidit]
1658 2285 1858 2342 neque
1895 2267 2018 2325 iam
2053 2267 2234 2343 longe
2265 2265 2484 2324 abesse

398 2368 476 2426 ab
522 2375 612 2427 eis
656 2375 813 2443 quos
858 2375 1105 2425 miserat
1151 2367 1644 2444 exploratoribus
1688 2377 1750 2427 et
1794 2367 1872 2425 ab
1919 2369 2132 2425 Remis
2177 2364 2484 2443 cognovit,

397 2468 623 2526 flumen
673 2471 973 2540 Axonam,
1025 2468 1191 2543 quod
1250 2477 1345 2535 est
1397 2468 1460 2526 in
1509 2475 1798 2526 extremis
1851 2469 2183 2526 Remorum
2229 2465 2479 2536 finibu3‚

300 2588 363 2623 20
399 2568 731 2627 exercitum
803 2568 1120 2628 traducere
1178 2566 1537 2628 maturavit⁸
1596 2578 1781 2644 atque
1840 2568 1926 2627 ibi
1991 2577 2193 2627 castra
2262 2568 2484 2645 posuit.

400 2668 578 2742 Quae
624 2675 720 2727 res
760 2678 823 2728 et
867 2669 1027 2728 latus
1073 2679 1258 2729 unum
1288 2676 1627 2729 castrorum
1673 2678 1823 2745 ripis
1867 2669 2133 2727 fluminis
2176 2668 2489 2727 muniebat

400 2779 461 2830 et
503 2777 646 2846 post
689 2788 829 2829 eum
859 2757 1222 2845 quae'erant
1265 2780 1396 2831 tuta
1443 2769 1520 2828 ab
1563 2769 1849 2829 hostibus
1894 2769 2205 2841 reddebat,
2241 2778 2301 2827 et
2331 2787 2489 2827 com-

398 2865 667 2930 meatus⁹
695 2870 773 2929 ab
807 2872 1019 2929 Remis
1050 2870 1426 2947 reliquisque
1457 2871 1806 2929 civitatibus
1839 2879 1904 2929 ut
1935 2874 2068 2929 sine
2109 2869 2381 2947 periculo
2413 2868 2490 2927 ad

400 2989 539 3030 eum
583 2979 813 3047 portari
870 2980 1126 3048 possent
1170 2971 1492 3030 efficiebat.
1585 2973 1660 3029 In
1705 2977 1780 3030 eo
1826 2970 2074 3030 flumine
2132 2977 2292 3046 pons
2340 2977 2485 3028 erat.

300 3093 364 3147 25
403 3070 501 3129 lbi
530 3071 904 3148 praesidium
950 3070 1125 3148 ponit
1155 3080 1216 3130 et
1247 3071 1309 3128 in
1340 3070 1531 3131 altera
1575 3081 1748 3148 parte
1779 3070 2047 3136 fluminis
2077 3070 2154 3144 Q.
2187 3070 2489 3128 Titurium

404 3171 700 3230 Sabinum
741 3171 1009 3249 legatum
1054 3190 1191 3230 cum
1242 3189 1351 3230 sex
1401 3171 1762 3230 cohortibus
1802 3169 2133 3247 relinquit3
2181 3177 2384 3227 castra
2429 3167 2492 3225 in

402 3270 785 3332 altitudinem
830 3272 1058 3349 pedum
1103 3289 1199 3329 xn
1244 3270 1406 3331 vallo
1450 3272 1741 3347 fossaque
1785 3269 2211 3346 duodeviginti
2267 3269 2492 3346 pedum

400 3379 621 3430 muniri
649 3371 837 3431 iubet.

423 3549 429 3554 ·
486 3520 570 3570 Cf.
602 3519 622 3553 1
647 3523 856 3586 aberat,
886 3536 935 3584 p.
961 3534 992 3581 4
1002 3532 1042 3585 5,
1067 3520 1099 3568 l.
1130 3534 1171 3567 1.
1189 3519 1295 3557 ——2
1319 3522 1646 3585 appellatus,
1674 3534 1754 3581 40,
1778 3518 1950 3568 8.—⁸
1971 3521 2316 3584 mignopere,
2342 3533 2422 3584 33,
2448 3530 2496 3580 7.

400 3604 504 3643 —4
529 3605 783 3669 salutem,
803 3603 885 3665 48,
906 3618 954 3668 3.
969 3632 1037 3640 —
1053 3602 1075 3636 ⁵
1095 3605 1307 3669 manue,
1333 3616 1409 3669 50,
1428 3603 1475 3653 8.
1490 3603 1590 3640 —6
1615 3604 2015 3668 popularentur,
2038 3617 2116 3668 32,
2137 3616 2215 3651 22.
2231 3600 2332 3640 -7
2355 3601 2494 3667 οὔεί,

405 3700 484 3757 50,
505 3687 671 3739 8.--8
696 3687 1099 3753 miturandum,
1125 3700 1209 3753 32,
1234 3700 1312 3750 ²7·
1334 3685 1432 3724 —⁹
1456 3688 1778 3752 commeitu,
1804 3701 1885 3748 42,
1912 3686 1990 3737 26.
